2910 4728
297 364 340 472 aa
406 359 452 432 n.
504 349 775 436 caturcum
816 358 1137 446 arrsrontn

301 552 415 642 Quin,
444 566 481 618 ut
507 550 605 635 magis
631 551 794 636 magisque
811 551 843 618 in
860 567 917 620 tuo
937 572 1004 622 aete
1020 556 1099 642 lim,
1123 563 1247 630 variari·

299 683 348 736 tea
379 667 488 748 Flacci
520 665 667 734 rectiones
687 685 735 740 ‚ex
771 666 884 734 codice
916 670 1032 756 scripto
1062 677 1243 760 polliceris,
1292 737 1295 750 ,

299 800 447 851 accurata
477 797 533 848 tua
560 801 655 892 opera
687 771 916 855 describendas.
991 788 1163 857 Enimvero
1195 793 1239 860 ob

300 911 365 968 tam
389 897 542 983 prolixam
570 911 657 963 tuam
673 897 898 966 humanitatem
916 912 929 983 ’,
950 917 1017 970 non
1035 905 1099 972 dici
1116 905 1240 990 potest,

297 1029 394 1099 quam
410 1012 588 1080 devinctum
605 1011 662 1079 tibi
681 1031 730 1079 me
745 1032 781 1078 ac
799 1003 983 1084 obstridlum
996 1019 1123 1086 babeas.
1147 1021 1237 1103 Sciat

298 1145 426 1212 autem,
453 1129 554 1204 ¹amice
568 1129 837 1213 praestantissime,
861 1150 910 1197 me
927 1133 1066 1218 ejusdem
1084 1135 1236 1201 Francke-

297 1246 377 1312 riani
402 1245 474 1312 libri
495 1245 644 1312 lectiones
666 1263 683 1311 e
707 1244 899 1316 bibliotheca
915 1240 1086 1317 Frontiana
1102 1266 1238 1316 emtasa

295 1359 435 1430 Praesule
461 1359 577 1438 Elienli
593 1359 713 1427 dudum
730 1353 889 1430 habuill‘et
916 1383 996 1446 quas
1015 1379 1117 1429 tamen
1135 1363 1239 1430 indili-

296 1493 403 1562 genter
427 1473 684 1560 &perfunctorie
699 1475 866 1559 descriptas
887 1475 945 1544 elle
962 1478 1034 1544 satis
1055 1479 1132 1544 mihi
1148 1497 1237 1546 com·

293 1607 416 1684 pertun)
434 1591 492 1658 cll.
537 1591 614 1674 Tu,
637 1583 898 1688 soticioplonge
912 1594 1017 1690 plures
1034 1591 1233 1660 &fideliores

292 1707 365 1776 inde
387 1707 601 1792 depromeres:
632 1723 733 1788 neque
757 1721 884 1791 tamen,
913 1722 986 1775 cum
1012 1709 1153 1774 mel'ores
1179 1709 1236 1778 ali·

294 1839 375 1906 quot
405 1821 543 1890 Codices
567 1819 690 1887 aliunde
712 1821 769 1889 srm
796 1825 937 1906 natiue,
967 1825 1237 1909 operaepretium

275 1936 387 2004 *fuerit
414 1933 526 2002 tellio
553 1936 663 2004 labore
683 1937 843 2002 &taedio
873 1938 1017 2005 cruciari.
1068 1939 1104 2004 Si
1135 1937 1234 2023 ipsius

214 2051 217 2058 '
292 2051 428 2132 Codicis
459 2050 574 2136 (quod
607 2050 835 2123 Ancherlenius
858 2072 923 2120 non
944 2052 1101 2138 desperare
1120 2047 1236 2140 juffit)

241 2175 243 2178 ’
291 2170 342 2235 nel
360 2167 492 2232 biduum
508 2141 728 2247 tantt'lmmodo
744 2153 820 2243 mihi
837 2161 929 2250 copia
945 2159 1011 2232 fieri
1026 2167 1149 2251 pollet3
1166 2164 1234 2235 cte·

287 2271 422 2350 'diderim
447 2273 592 2364 equidem
615 2271 757 2364 nonnihil
784 2275 906 2346 fructus
932 2280 972 2345 ad
989 2273 1156 2346 editionem
1173 2301 1233 2348 no·

286 2387 383 2466 'stram
397 2387 468 2479 inde
482 2410 718 2480 perventurum.
762 2387 836 2480 Ego
856 2397 938 2460 enim
956 2397 1005 2462 vel
1019 2414 1057 2462 ex
1067 2389 1142 2480 iplia
1156 2397 1230 2464 litu·

287 2511 332 2582 ris
353 2509 458 2600 multa,
470 2495 618 2596 expiscari
634 2510 774 2595 podem,
798 2529 878 2594 quae
895 2504 974 2574 alius
989 2511 1132 2597 cujusvis
1143 2503 1226 2578 Atti·

287 2619 538 2714 maduerstonum
561 2645 701 2692 mearum
728 2625 816 2693 inscii
844 2623 875 2690 dc
903 2626 1016 2692 oculos
1046 2625 1231 2698 &mentem

287 2745 396 2838 lugere
413 2731 456 2822 eil
473 2735 602 2810 omelia
649 2733 727 2828 Tu,
752 2726 840 2824 quod
856 2735 1033 2822 commodo
1046 2756 1149 2808 tamen
1169 2753 1229 2810 tuo

168 2847 172 2854 ¹
287 2855 364 2945 liat,
394 2853 580 2944 experierio,
609 2841 707 2928 an'e‘tr
725 2843 872 2929 'claustris
896 2833 1108 2926 Bibliothecae
1126 2851 1228 2930 codex

281 2949 417 3049 'illehuc
432 2975 554 3060 evolare
568 2972 695 3069 poterit.
764 2953 769 2963 ’

226 3073 230 3080 ’
278 3073 281 3082 ’
330 3079 485 3164 Ceterum
498 3079 545 3176 ob
571 3083 709 3174 nitidam:
726 3087 810 3159 illam
825 3082 857 3160 u
874 3084 1071 3177 magnificam
1086 3081 1225 3158 Poll-ocia

277 3183 452 3279 ⁸editionem
479 3201 600 3296 (cujus
624 3209 780 3306 exemplar
796 3206 948 3274 continuo
966 3215 1002 3273 ut
1015 3203 1132 3289 prodiit
1146 3199 1224 3273 mihi

285 3323 492 3411 comparavi)
508 3341 590 3408 quas
606 3321 666 3390 tibi
685 3323 798 3407 gratias
813 3317 885 3424 satis
901 3317 1010 3407 dignas
1027 3309 1220 3396 referemus?
1337 3422 1338 3435 ἵ
1354 3349 1356 3352 -
1439 3421 1440 3428 ¹

282 3441 373 3513 Deua
396 3437 510 3525 bone,
534 3451 615 3525 quae
637 3435 808 3520 industria,
823 3433 919 3520 'quae
942 3425 1102 3517 eruditio,
1133 3420 1223 3520 quod

277 3559 458 3649 judicium,
482 3555 569 3640 quod
588 3573 744 3634 acumen,
768 3561 848 3635 qnae
864 3543 940 3616 fides
956 3543 1074 3632 ubique
1090 3539 1218 3620 clucet?

280 3671 392 3743 Unum
418 3669 476 3739 tibi
490 3663 618 3736 defuille
634 3667 726 3733 doleo
746 3659 861 3751 (quod
879 3683 980 3730 evera
995 3659 1130 3734 amicitia
1144 3685 1220 3751 pro·

177 3851 179 3858 .
280 3791 398 3861 ledum
425 3785 534 3874 aequis
556 3784 684 3851 autibus
699 3779 870 3870 accipies)
884 3779 1032 3868 majorem
1047 3781 1091 3849 rei
1105 3771 1220 3848 Metri-

1168 3905 1222 3966 cac
