2922 4734
405 342 487 476 nn
529 318 890 412 oltnncrn
945 341 1008 410 uc,
1137 301 1180 412 aa

255 533 371 606 adscita
394 544 489 615 atque
507 527 662 610 arcessita,
692 526 741 594 nd
760 527 790 592 in
807 526 931 624 Graeco
949 523 1036 610 quasi
1048 523 1115 592 solo
1129 544 1184 610 gen

255 648 320 716 nita
345 644 404 712 esse
427 645 602 711 videantur.
656 645 705 708 Ac
729 663 778 736 no¹
795 643 845 708 hic
871 640 1084 708 vetustiffimne
1100 637 1182 708 Poa-

253 778 364 828 tarum
379 760 591 845 philosophiae
615 758 793 823 memoriam
819 757 985 839 replicem,
1016 775 1108 839 quam
1134 753 1183 820 sa·

252 879 395 944 bularum
418 875 636 958 integumentis
659 873 856 954 involutam,
879 890 974 955 quam
994 869 1129 954 fingendi
1144 868 1184 934 li·

240 988 359 1060 centia
381 991 455 1056 mire
481 989 729 1083 contaminatam
747 985 867 1053 constat
893 985 1001 1052 fuisser
1033 986 1180 1068 princeps

239 1107 285 1176 ⁴&
316 1108 425 1173 auctor
455 1102 630 1170 accuratius
659 1101 898 1186 philosophandi
936 1101 1055 1166 Thales
1080 1083 1182 1166 extitit

249 1219 404 1299 Milesius,
476 1217 542 1304 Qui
580 1233 655 1280 cum
683 1219 780 1290 multa
804 1217 842 1282 de
864 1215 989 1282 divinat·
1013 1217 1181 1282 humanae·

148 1337 185 1358 '‘
239 1355 313 1420 ‚que
342 1332 451 1402 mentis
479 1316 511 1397 ui
537 1349 574 1396 ac
599 1345 729 1412 natur-a,
752 1329 790 1396 de
809 1331 918 1398 mundi
936 1331 1002 1398 satu
1020 1347 1113 1414 atque
1129 1349 1181 1396 ot·

243 1465 308 1532 tu,
339 1449 377 1514 de
402 1447 457 1514 fati
483 1445 616 1529 denique
637 1444 1006 1526 necessrtate'dilserecet,
1038 1445 1125 1528 quast
1142 1443 1182 1509 sr-

251 1583 348 1650 gnum
375 1563 441 1628 aliis
458 1562 575 1630 sustulit
590 1560 630 1626 ad
647 1562 847 1628 excolendam
865 1561 1179 1645 illamphilosophiae

249 1676 390 1766 partem,
423 1696 502 1760 quae
519 1674 623 1759 postea
637 1675 870 1760 Metapbysrcae
888 1678 1012 1744 nomine
1029 1677 1180 1742 celebrata

243 1793 301 1861 eli.
345 1790 478 1858 Difficile
493 1790 579 1856 disin
594 1791 660 1871 est,
682 1791 875 1872 limitores,
897 1807 979 1875 quot
996 1806 1115 1876 quanto
1134 1791 1181 1860 ‘n-

241 1905 340 2000 ¹genio
374 1905 432 1970 viri
463 1905 558 1985 hujus
597 1904 753 1968 doctrinae
778 1903 879 1969 studio
901 1905 1076 1972 exarserint.
1129 1909 1179 1974 Ac

248 2033 370 2088 tantum
400 2015 524 2098 abfuit,
556 2029 592 2080 ut
617 2015 660 2079 rei
678 2017 824 2101 materia,
847 2019 880 2084 in
894 2032 1021 2082 naturae
1039 2019 1183 2088 obscuri·

250 2147 352 2217 tate,
370 2132 391 2200 sr
409 2149 606 2216 quaequam,
630 2131 810 2212 recondita,
832 2132 918 2196 hunc
934 2131 1107 2198 animorum
1122 2135 1182 2201 im·

242 2264 358 2336 petum
381 2246 568 2328 retardaret,
601 2261 636 2311 ut
651 2243 714 2329 ipsa
728 2247 836 2329 potius
850 2245 1016 2314 difficultas
1034 2250 1180 2334 magio&
1291 2289 1294 2301 ι

243 2362 346 2458 magis
381 2361 585 2446 inuestigandi
607 2361 768 2428 sollertiam
794 2339 968 2476 exacueret.
1022 2365 1181 2450 Magnum

240 2479 279 2554 r‘n
300 2479 360 2544 hac
385 2477 545 2593 disciplina
570 2493 682 2576 nornen
707 2476 769 2544 suit
791 2472 1005 2562 Pythagorae,
1037 2479 1090 2564 dc,
1122 2483 1178 2567 qui

243 2594 286 2668 ad
311 2593 379 2679 cius
396 2593 424 2661 se
442 2591 654 2658 auctoritatem
670 2591 890 2675 contulissent,
913 2593 1118 2679 Empedoclis
1144 2601 1177 2668 tit

243 2707 452 2802 ¹Epicharmi3
492 2725 637 2791 magnum
672 2707 746 2772 item
771 2707 995 2792 Anaxagorae,
1028 2731 1178 2798 magnum
1273 2769 1282 2774 ,

242 2804 455 2904 Parmenid'is,
493 2805 695 2905 pluriumque
730 2823 886 2906 aliorum,
918 2843 999 2908 quos
1027 2833 1177 2898 memoria

226 2938 393 3022 ‚consequi
421 2935 542 3000 difficile
573 2933 637 3016 est,
675 2937 706 3002 dc
734 2955 910 3004 enumerare
935 2940 1077 3024 longum.
1107 2915 1177 3014 'At

244 3056 327 3146 enim
354 3070 428 3120 vero
453 3049 653 3134 praecipuam
678 3049 912 3134 Metaphyficae
934 3053 1176 3143 &locupletan-

246 3169 303 3236 dae
341 3167 373 3234 or
417 3164 457 3231 ad
503 3164 679 3250 disciplinae
715 3165 850 3234 somnam
887 3168 1175 3257 habitumquere·

244 3284 395 3370 digendae
429 3280 559 3368 gloriam
605 3279 662 3348 s1bi
702 3281 863 3351 vindicant
911 3287 976 3352 duo
1016 3290 1174 3375 principes
1218 3261 1220 3270 ,

242 3397 431 3484 intelligendi
464 3397 636 3484 magistri,
665 3399 721 3483 qui
756 3401 866 3466 merito
889 3403 1028 3470 omnium
1054 3405 1174 3474 seculo·

163 3543 168 3554 ,
244 3531 313 3580 rum
345 3517 457 3582 oculos
489 3515 672 3598 animosque
705 3517 737 3582 in
762 3517 791 3604 se
812 3534 1052 3602 converterunt,
1082 3520 1171 3590 Plato

242 3640 337 3710 atque
352 3625 543 3696 Aristoteles.
594 3631 739 3716 Quorum
760 3647 890 3716 uterque
908 3649 1035 3702 aetatem
1055 3640 1171 3706 coutri-

241 3740 288 3808 vit
308 3740 340 3806 in
358 3739 584 3829 investiganda,
609 3747 713 3828 quoad
729 3746 865 3816 humano
879 3748 1001 3832 ingenio
1020 3750 1082 3818 fieri
1098 3771 1171 3836 pot·
1270 3733 1276 3828 s

237 3863 239 3870 “
752 3861 778 3928 F
1084 3882 1173 3951 erat,
