2922 4734
241 309 369 421 'm'
414 376 432 424 ,ι
536 301 820 456 οἰιωο
882 345 1055 422 utt-··

282 536 423 606 -braculis
447 535 510 603 sois
538 535 570 604 in
587 535 770 624 honestioris
786 552 962 618 contentus
979 539 1084 610 lumen
1101 549 1221 630 pmn‘a-

284 653 421 734 hantur,
451 667 518 718 tum
541 673 616 722 vero
642 652 729 752 quali
745 653 776 722 in
794 655 855 722 sole
871 637 1028 740 caligant,
1053 661 1141 728 anxie
1159 647 1221 730 tte·

283 770 415 854 pidant,
451 786 531 850 nec,
562 783 599 836 ut
623 769 775 854 ingenuos
797 770 940 840 homines
966 772 1077 857 decet,
1106 779 1220 844 oculos

279 885 422 952 attollere
448 882 576 950 audent.
627 885 681 955 Eat
697 873 882 956 aoc'insano
899 887 1074 959 solitudinis
1091 890 1219 976 studio,

224 993 237 1022 ”
279 1001 440 1086 primum,
463 987 608 1080 animun,
630 987 968 1087 stante'integetfuim
985 1003 1220 1076 contumaciam¹

280 1114 552 1204 arrogantiamque
567 1116 735 1186 contrahit.
768 1117 866 1186 *Nam
883 1132 919 1185 ut
930 1117 1084 1206 infantes,
1102 1121 1219 1204 quibua

275 1235 359 1324 nulli
381 1211 519 1317 obtigere
538 1231 728 1316 collusores,
752 1233 1011 1304 contumaciffimi
1026 1234 1084 1300 elle
1100 1235 1222 1320 solent,

196 1375 198 1380 ’
278 1350 323 1422 stc
347 1348 515 1420 umbratici
538 1347 702 1430 homines,
724 1348 765 1416 'ab
782 1350 869 1418 omni
886 1351 1036 1420 convictu
1053 1351 1219 1420 consuetu*

278 1465 413 1550 'dineque
438 1465 523 1532 civili
547 1464 677 1546 remoti,
690 1481 775 1532 cum
791 1483 954 1547 nunquam
970 1467 1021 1533 vel
1037 1468 1218 1554 monendo,
1306 1509 1308 1514 ·

278 1587 329 1650 vel
356 1580 556 1665 castigando,
587 1579 626 1644 ad
646 1571 872 1648 humanitatem
897 1579 956 1667 sant
973 1581 1218 1666 comitatemque

276 1697 435 1779 revocati,
460 1693 557 1762 duros
573 1743 588 1780 ‚¹
609 1694 773 1778 difficiles,
798 1693 941 1780 &prope
958 1693 1167 1767 intolerabiles
1186 1699 1217 1766 se

277 1813 344 1880 aliis
369 1811 528 1897 praebent.
583 1810 732 1894 Cumque
755 1811 788 1878 in
809 1811 861 1878 illo
885 1811 953 1880 vita
977 1804 1134 1896 solitaria,
1160 1798 1217 1897 qul

275 1931 349 2014 plus
372 1925 446 2010 ipsu
460 1927 579 2011 sapiat,
601 1925 728 1996 videant
741 1924 920 2008 neminem,
940 1927 1098 2010 opinionis
1120 1927 1218 1996 aas«

216 2027 218 2064 ⁵
274 2044 454 2118 scotationis
467 2035 613 2112 etrorese
628 2043 711 2109 solos
727 2042 805 2114 inter
820 2043 965 2110 mortales
980 2043 1100 2128 iapere,
1122 2044 1152 2110 se
1167 2045 1217 2112 so*

275 2161 325 2230 los
345 2157 496 2244 pulchros
510 2160 682 2240 beatosque
697 2156 756 2236 elie
772 2167 898 2251 putant.
929 2157 1041 2226 ¹Porro
1057 2162 1089 2224 in
1098 2159 1163 2226 istis
1171 2161 1218 2228 la·

271 2275 371 2344 cebris
390 2272 535 2355 lenium,
568 2271 623 2354 qui
641 2271 825 2338 communia
842 2271 976 2353 dicitur,
996 2273 1042 2338 ita
1058 2273 1214 2358 perdunt,

274 2405 329 2466 ut.
343 2387 385 2461 ,fi
405 2388 506 2471 alius,
530 2401 623 2471 atque
640 2385 678 2453 de
692 2365 809 2469 literis,
832 2385 929 2452 sermo
949 2407 1023 2454 cum
1040 2381 1113 2472 ipis
1129 2389 1216 2456 insti*

202 2551 203 2556 κ
274 2520 404 2581 tuetur.
426 2504 480 2572 vix
496 2502 747 2600 muliercularum
767 2501 937 2574 ludibrium
955 2483 1116 2588 effugiant.
1151 2507 1217 2573 Ta*

275 2622 315 2701 iis
339 2620 474 2704 denique
495 2638 604 2686 eorum
627 2615 863 2702 animiastupoc
881 2621 920 2684 ab
936 2619 1067 2686 obscura
1086 2617 1214 2692 vivendi

274 2735 396 2815 latione
420 2735 617 2815 offunditur,
649 2748 706 2817 ut,
737 2735 872 2816 quidin
893 2753 1019 2818 quaque
1033 2743 1069 2802 re'
1082 2757 1215 2822 vetum,

276 2856 445 2943 pulchrum
454 2900 468 2935 ‚
477 2853 515 2918 ac
525 2851 677 2920 decorum
693 2849 729 2916 stt
739 2899 751 2934 ‚
763 2849 869 2916 sentire
884 2851 970 2916 nullo
980 2851 1076 2918 modo
1086 2869 1214 2937 qucaat.

276 2973 308 3042 E
330 2970 436 3038 decori
460 2967 634 3054 praesertim
655 2969 798 3051 neglectu
822 2957 1215 3036 mnumerabilesaxillt'mt

180 3127 183 3134 .
205 3089 207 3096 ’
277 3088 431 3171 ineptiae,
445 3095 523 3168 quae
540 3104 594 3168 per
608 3101 718 3152 omnes
732 3084 816 3151 vitae
834 3099 938 3168 partes
952 3099 1117 3168 vagantur.
1140 3085 1214 3149 Hoc

278 3202 468 3272 Pedantismi
488 3201 599 3268 vitium
615 3201 759 3285 (utamur
776 3199 858 3264 enim
873 3199 997 3266 Gallico
1013 3186 1215 3279 verbo,cum

277 3319 310 3386 in
334 3317 449 3384 Latina
474 3315 584 3400 lingua
596 3315 668 3382 satia
687 3329 797 3398 aptum
811 3313 886 3382 huic
901 3314 945 3378 rei
961 3333 1075 3407 nomen
1089 3335 1152 3381 non
1168 3315 1217 3381 in·

273 3434 423 3500 uenimus
431 3431 454 3514 ).
479 3429 541 3496 hoc
565 3427 661 3514 igitur
682 3429 793 3498 vitium
813 3447 876 3497 tam
899 3431 959 3496 late
973 3443 1084 3514 patet,
1103 3433 1215 3500 ,nullus

279 3557 326 3616 ut·
338 3523 628 3613 eruditorum‘ordo
644 3544 707 3629 lit,
731 3565 823 3629 quctn
844 3545 990 3630 nunejus
1011 3548 1159 3630 contagio
1172 3550 1215 3613 le·

276 3663 358 3734 atius·
369 3660 496 3746 grauius
511 3659 663 3728 infecerit.
709 3662 792 3742 Sed,
810 3676 846 3727 ut
860 3679 969 3728 verum
980 3663 1030 3728 vel
1044 3661 1219 3730 invitusfa·

236 3805 238 3812 ⁴
279 3792 363 3862 teat,
377 3775 512 3848 maxime
523 3776 589 3872 ¹hoc
607 3778 691 3846 malo
707 3778 848 3846 laborant
863 3777 908 3866 ii,
924 3797 942 3845 a
956 3778 1072 3866 quibua
1090 3797 1214 3846 omnem

1164 3890 1217 3956 de·
