2922 4734
287 311 336 426 m
461 293 971 422 s'onnrro

292 553 379 622 erat,
410 551 530 606 aeterna
553 527 605 606 illa
629 535 660 605 δι
683 535 850 605 beatissima
873 539 1011 608 numinis
1033 534 1163 627 natura,
1189 542 1228 634 in

294 655 477 724 declaranda
498 654 608 720 mentis
632 654 785 720 humanae
811 655 842 721 vi
870 649 902 721 δι
922 654 1058 738 indole,
1087 657 1121 722 in
1147 659 1232 742 ejus

216 852 220 858 .
295 772 366 838 dem
390 769 522 852 denique
542 769 770 836 immortalitate
794 749 911 836 tuenda
937 787 1032 855 atque
1051 770 1229 840 adserenda.

283 887 370 954 ·Nec
394 886 566 968 quicquam
591 884 674 966 illis,
698 903 777 966 quae
801 901 868 950 tum
892 885 930 950 de
949 905 1051 953 rerum
1068 886 1231 954 caussis&

293 1000 478 1088 principiis,
517 1013 586 1066 tum
615 1000 653 1064 de
681 985 905 1066 communibus
926 1019 1032 1068 earum
1058 1002 1230 1070 affeelioni·
1265 1030 1268 1038 ¹

293 1118 356 1184 bns
382 1117 421 1187 ab
448 1115 557 1182 iisdem
584 1114 778 1198 philosophis
796 1115 951 1199 disputata
968 1117 1060 1198 suut,
1084 1115 1229 1184 subtilius

294 1232 482 1313 acutiusque
505 1229 672 1316 excogitari
693 1227 806 1313 potest.
861 1230 951 1316 Quae
965 1232 1108 1314 pluribus
1125 1233 1229 1300 verbis

290 1349 537 1431 explicaremus,
559 1346 593 1411 ni
609 1362 801 1425 vereremur,
821 1363 859 1410 ne
878 1343 981 1412 minus
997 1347 1162 1414 commode
1171 1349 1239 1414 ser·x
1315 1369 1318 1372 ·

292 1478 417 1529 veretur
441 1461 623 1540 orationis,
655 1477 749 1540 quam
775 1458 988 1540 instituimus,
1019 1465 1228 1545 popularitas.

292 1578 356 1644 Sed
366 1595 400 1644 ut
415 1577 534 1641 varium
552 1573 595 1638 est
610 1574 772 1638 hominum
791 1571 925 1640 studium
936 1620 948 1655 ,
958 1574 1000 1640 sre
1015 1563 1228 1645 horumetiam

292 1691 512 1776 Metaphysrea
536 1687 631 1754 modo
653 1707 670 1752 a
691 1685 869 1766 doslillimis
890 1690 1070 1774 quibusque
1088 1696 1232 1759 concele-

296 1807 385 1874 brata
407 1805 536 1879 enituit,
567 1801 664 1869 modo
680 1802 796 1868 deserta
813 1803 979 1874 obsolevit.
1023 1805 1090 1874 Uni
1107 1792 1231 1876 Platoni

296 1916 373 1989 hoc'
381 1920 546 2004 praecipue
567 1919 702 2002 obtigit,
733 1933 769 1984 ut
794 1919 860 2003 pari
887 1937 985 2004 prope
1002 1919 1231 2006 fastigiosum

189 2056 193 2069 ¹
290 2038 485 2116 inutraque
513 2032 653 2102 fortuna.
705 2033 809 2118 Cujus
836 2034 1000 2118 sapientiae
1017 2055 1090 2102 cum
1107 2037 1150 2120 ii,
1175 2039 1231 2122 qui

291 2151 474 2239 politiorum
490 2151 646 2214 literarum
664 2148 814 2230 elegantia
832 2146 1019 2216 &stravitate
1028 2150 1230 2235 ducerentur,

292 2279 362 2332 tum
378 2279 495 2331 veteres
510 2260 668 2348 religionis
689 2261 879 2328 Christianae
896 2260 1068 2345 antistites,
1093 2269 1229 2335 multum

291 2376 411 2464 semper
425 2377 611 2459 tribuerunt,
666 2375 728 2442 Sed
745 2374 918 2442 Aristotelis
935 2374 1093 2444 fortunam
1111 2381 1230 2463 quibus

173 2476 179 2490 ⁸
218 2500 221 2508 '
292 2496 398 2563 verbis
418 2492 616 2576 conquerar?
640 2507 693 2558 aut
710 2491 874 2574 quomodo
889 2471 960 2558 satis
976 2490 1114 2562 dolenter
1122 2495 1233 2580 deplo-

253 2675 256 2684 .
292 2610 384 2678 rems
405 2609 529 2678 Extulit
538 2605 625 2674 errit'n
640 2605 861 2672 duodecimum
877 2625 894 2671 a
909 2606 1034 2673 Christo
1049 2626 1124 2677 nato
1143 2612 1231 2680 secu·

293 2728 362 2796 lum
386 2744 485 2811 genus
509 2724 672 2790 hominum
700 2721 786 2788 omni
802 2720 942 2788 barbaria
959 2727 1229 2812 contaminatum,

291 2840 504 2908 Scholasticos
522 2841 620 2924 vulgo
636 2818 768 2922 dicunt,
792 2836 848 2922 qui
865 2837 1028 2905 clariffimo
1043 2840 1126 2907 illius
1137 2843 1230 2908 lumi·

291 2957 326 3025 ni
340 2959 525 3025 teterrimam
539 2957 661 3023 nouem
677 2953 874 3022 offunderent
884 3001 896 3038 ‚
908 2955 1090 3038 exquisitam
1100 2945 1229 3042 ¹elegan-

290 3074 366 3140 tiam
383 3071 544 3141 immunda
559 3071 666 3138 illuvie
683 3070 870 3154 &squalore
885 3071 1108 3156 opplerent‚&
1122 3071 1165 3138 sic
1175 3073 1228 3138 de·

290 3191 388 3274 nique
404 3189 571 3256 immortali
590 3188 682 3268 viro,
706 3187 790 3270 apud
805 3187 985 3270 imperitos,
1004 3185 1150 3269 pudenda
1168 3185 1229 3253 lro·

290 3301 362 3374 runi
387 3306 587 3389 interpretum
602 3299 719 3368 somnia
734 3321 792 3386 pro
807 3319 951 3387 germana
965 3299 1139 3367 Aristotelis
1156 3301 1228 3386 piri·
1259 3341 1272 3352 -

292 3421 435 3504 losophia
463 3419 552 3486 stulte
568 3416 775 3501 accipientes,
799 3417 951 3501 ingentem
969 3413 1068 3482 &vix
1085 3433 1227 3502 unquam

291 3534 450 3601 delendam
466 3523 624 3600 infamiam
641 3533 821 3599 conflarent.
867 3531 952 3596 Hinc
969 3543 1050 3596 certe
1060 3580 1071 3614 ‚
1083 3532 1228 3608 lrincom

291 3651 375 3714 culte
392 3649 495 3732 serpsit
510 3650 566 3716 illa
580 3647 697 3715 invidia
711 3666 794 3742 ,qua
809 3659 925 3710 veteres
937 3644 1112 3731 philosophi
1123 3647 1227 3716 nostra
1270 3659 1282 3662 “

289 3763 382 3834 enan
407 3779 504 3830 aetate
527 3778 723 3850 premuntur.
773 3760 859 3827 Natu
882 3761 1068 3848 utquisque
1087 3761 1225 3849 antiqui·
1290 3795 1296 3802 ·

1176 3893 1223 3946 ta·
