2910 4728
196 401 344 513 ¹aa·
430 365 975 482 cenobium
1089 428 1091 436 ·

263 607 301 664 ut
313 593 387 660 loco
405 591 575 680 depravato
590 593 697 680 potius
714 595 964 680 qualemcunque
980 596 1098 666 sensum
1114 601 1199 669 affin·
1299 637 1301 640 ·

264 724 361 794 gant,
392 727 486 795 quam
509 708 584 780 felix
609 711 641 776 in
665 714 740 776 vero
762 713 940 796 reperiendo
949 715 1115 808 ingenium
1134 719 1201 784 lau·

264 823 351 892 dent.
403 823 455 892 Ex
482 844 546 910 qua
568 826 761 909 obloquendi
786 827 935 911 libidine,
958 829 1138 900 incredibile
1154 831 1203 896 di·

265 941 319 1008 ἃιι
341 937 406 1024 est,
438 956 519 1024 quot
546 958 642 1036 quam
667 939 762 1010 durae
789 942 997 1012 &contortae
1015 920 1209 1011 vitiosorum*

263 1055 408 1130 locorum
432 1053 699 1140 interpretationes
726 1058 898 1144 manarint,
914 1059 952 1126 ··fi
977 1059 1203 1142 interpretatio·

263 1188 320 1235 nes
343 1169 491 1236 dicendae
511 1170 606 1255 suot,
638 1189 719 1256 quae
742 1168 921 1258 scriptorem
938 1175 1042 1242 nescio
1061 1192 1140 1257 quas
1156 1173 1204 1239 in-

264 1285 364 1374 eptias
388 1285 489 1364 dicere
514 1301 642 1371 cogant.
697 1287 794 1359 Tales
811 1288 985 1372 vindicias,
1007 1304 1128 1356 tantum
1148 1288 1204 1354 ab·

181 1451 183 1456 .
265 1415 352 1482 erat,
383 1415 420 1470 ut
449 1400 698 1472 Hemllethusaus
712 1403 897 1487 probaret,
930 1419 968 1470 ut
994 1387 1053 1472 illis
1077 1403 1202 1471 dodam

264 1516 399 1582 aliorum
425 1516 586 1584 audaciam
612 1517 789 1601 praeferret.
844 1518 906 1586 Sed
928 1521 1022 1604 louge
1044 1519 1201 1602 optimum

266 1629 505 1700 &tutissimum
531 1631 993 1718 contemnendumque,
1022 1631 1201 1719 quoduam

267 1763 286 1820 a
303 1746 494 1831 temeritate,
516 1761 584 1813 tum
603 1747 847 1832 asuperslitione
864 1748 935 1814 esset
950 1749 1134 1834 sejunslum.

308 1857 377 1928 Etsi
408 1878 483 1930 vtro
514 1860 562 1928 vir
592 1881 746 1948 magnus,
787 1863 1019 1946 usufsensuque
1046 1861 1199 1946 edoslus,

264 1976 420 2061 praeclare
433 1975 571 2060 sciebat,
594 1979 690 2045 scaris
706 1997 771 2045 non
787 1977 845 2044 else
862 1975 1012 2062 aptandas
1029 1977 1114 2058 alas,
1137 1974 1201 2042 hoa

267 2089 334 2175 est,
368 2078 498 2178 juvenes
530 2110 595 2158 non
620 2108 731 2159 temere
751 2092 791 2158 ad
822 2091 971 2160 Criticam
999 2090 1203 2158 adducendos

257 2205 350 2300 ωε,
390 2220 493 2271 tamen
519 2205 684 2290 sagacioris
706 2205 821 2274 indolis
850 2203 1056 2272 adolescentes
1079 2220 1198 2280 mature

264 2321 368 2406 laujus.
389 2319 463 2386 artis
485 2313 583 2388 'veluti
608 2318 702 2405 gustu
725 2318 862 2404 quodam
886 2317 1057 2416 imbuebat,
1110 2319 1203 2406 Qum

264 2455 337 2504 rum
368 2433 472 2517 vires,
511 2447 548 2500 ut
581 2450 645 2506 erat
674 2455 744 2502 acer
767 2435 798 2502 dt
823 2434 982 2521 perspicax
1006 2434 1201 2519 ingeniorum

266 2548 478 2633 existimator,
510 2565 579 2616 ante
603 2550 644 2628 fic
668 2549 868 2634 explorabat,
899 2550 1056 2634 primunr,
1090 2565 1126 2616 ut
1147 2567 1203 2628 eos

267 2665 394 2756 juberet¹
416 2665 551 2751 cogitate
573 2665 779 2750 meditataque
795 2669 893 2750 legere
906 2665 1052 2758 illustrem
1070 2665 1204 2747 aliquem

268 2782 384 2854 veteris
413 2781 571 2870 scriptoris
594 2784 727 2866 locum,
758 2801 791 2848 v.
812 2801 844 2846 c.
860 2780 1023 2848 Livianam
1041 2780 1207 2866 praefatio·

269 2917 364 2984 nem,
394 2899 450 2966 uix
470 2897 620 2968 imitanda
636 2911 699 2964 arte
715 2895 944 2980 conscriptam,
965 2893 1103 2981 depost,
1128 2895 1207 2978 quid

268 3014 305 3088 in
328 3013 383 3080 tali
402 3015 477 3082 loco
491 3013 625 3083 maxime
646 3014 785 3083 animum
806 3003 988 3096 pepulisset,
1011 3011 1090 3094 quid
1112 3010 1209 3078 maxi·

268 3147 322 3206 me
336 3128 520 3214 placuisset,
543 3129 601 3197 fibi
618 3127 740 3201 referre.
787 3127 873 3197 Tum
883 3175 895 3209 ‚
906 3126 959 3200 ubi
975 3125 1097 3208 linquae
1112 3124 1207 3190 sciens

269 3245 347 3321 tiam
368 3243 400 3312 dc
424 3245 529 3329 pulcri
549 3244 668 3320 sensum
692 3243 750 3314 sabi
765 3241 962 3327 probassent,
984 3241 1017 3318 in
1036 3239 1207 3324 scriptore,

256 3360 313 3438 'ad
345 3361 416 3428 talis
448 3359 555 3448 aetatis
578 3335 707 3443 ¹captum
731 3357 995 3450 accommodato,
1023 3357 1128 3421 locum
1152 3353 1206 3420 de·

271 3476 482 3562 monſtrabat,
515 3475 571 3564 qui
595 3475 708 3544 vitium
733 3473 858 3568 haberet
886 3469 1003 3565 nemini!
1017 3469 1209 3552 animadvers
1250 3539 1253 3546 .

185 3573 190 3582 ¹
271 3591 366 3676 sum,
394 3593 489 3678 idque
511 3591 691 3678 investigare
703 3591 848 3676 jubebat.
893 3587 1029 3669 Reperta
1047 3601 1209 3670 corrupte·

226 3741 236 3768 ·
271 3683 323 3791 la,
362 3728 456 3792 quam
483 3710 614 3793 reperire
650 3704 805 3773 interdum
839 3701 995 3770 difficillus
1017 3699 1080 3784 est,
1112 3719 1207 3790 quana
1239 3743 1240 3748 ,

274 3825 430 3916 corruptis
457 3823 596 3908 mederi,
628 3819 804 3910 pracsertim
831 3817 887 3886 ubi
903 3817 1046 3888 mendosa
1060 3816 1213 3904 scriptura

1162 3943 1212 4006 to·
