2910 4728
334 373 554 450 arunnu
595 333 1037 462 nnusun'uuusu.
1124 396 1180 469 :c‘

254 476 276 530 Ι

208 503 446 668 οδρῐῖεηῑίδυε
475 564 674 652 deligendum
701 566 761 650 fit,
791 564 899 632 eadem
928 567 1082 633 celeritate
1100 565 1148 634 vi·
1180 635 1182 638 ,
1221 627 1223 630 ,

201 678 261 745 det
287 699 324 748 ac
350 681 498 750 decernit.
543 685 630 768 Ergo
647 683 757 750 critica
773 683 820 748 vis
840 681 971 748 maxime
984 681 1162 768 judicatur-

131 851 134 856 .
203 795 317 862 mentis
341 799 516 879 celeritate,
548 817 643 881 quam
672 797 786 864 Graeci
807 801 972 884 ἀγχίνωαιν
1006 796 1146 873 &adro-

200 913 301 996 xlae,
332 912 440 982 Latini
458 901 703 1000 sagacitatem,
726 912 936 994 sollertiam,
958 915 1082 998 ingenii
1089 913 1145 997 sc

200 1025 365 1095 diritatem
391 1041 520 1097 vocant.
573 1028 661 1100 Haec
677 1042 779 1094 autem
796 1025 947 1112 sagacitas
962 1045 1026 1092 non
1038 1027 1070 1093 in
1085 1029 1145 1094 ho·

200 1141 293 1208 minis
315 1143 466 1228 potestate
493 1141 559 1226 est,
590 1163 653 1210 non
678 1143 804 1225 studio,
836 1143 964 1225 labore,
994 1145 1144 1210 exercita·

197 1251 284 1322 tione
311 1255 533 1342 comparatur,
547 1305 551 1316 .
563 1257 615 1324 sed
632 1277 735 1325 rarum
753 1258 784 1326 &
800 1257 952 1343 fingulare
968 1277 1084 1326 munus
1098 1259 1142 1344 esi

179 1371 294 1442 unius
328 1386 456 1450 naturae
484 1372 648 1458 fautricis3
679 1361 814 1458 licetque
838 1373 939 1458 adeo,
969 1375 1056 1458 quod
1078 1375 1143 1441 De·
1228 1372 1230 1376 ’

195 1484 349 1554 mocritus
384 1487 423 1553 de
452 1487 552 1556 Poita
578 1489 679 1572 dixit,
710 1489 750 1555 ad
776 1489 933 1556 Criticum
956 1489 1136 1558 transferre:

195 1602 342 1672 criticus
369 1623 433 1670 non
444 1601 509 1687 fit,
527 1603 770 1697 [adnascitur.
817 1603 890 1672 Tali
912 1605 1036 1690 ingenio
1051 1625 1140 1692 prae·

194 1715 253 1794 diti
280 1737 356 1786 cunr
383 1737 508 1802 perraro
536 1721 737 1803 exoriantur,
770 1739 835 1786 non
862 1720 974 1786 mirum
993 1720 1049 1804 fit,
1074 1740 1141 1812 ma·

193 1852 289 1918 gnam
313 1834 528 1901 excellentium
546 1834 737 1900 Criticorum
753 1849 786 1900 et
804 1853 888 1902 nunc
907 1833 985 1918 else,
1014 1849 1045 1902 et
1061 1836 1138 1928 sern-

128 1925 130 1931 Ι
194 1965 253 2032 per
274 1947 364 2014 fuisse
388 1947 590 2028 paucitatem.
644 1946 743 2032 Quod
768 1966 842 2012 vero
866 1947 1026 2029 diximus,
1051 1951 1137 2034 ingef
1235 2011 1241 2022 ,

150 2075 157 2096 ‘
189 2060 287 2128 ¹nium
309 2060 369 2126 hac
387 2062 420 2126 in
434 2077 467 2124 re
483 2060 556 2142 plus
577 2058 699 2140 valere,
723 2077 818 2140 qoam
836 2075 931 2126 artem
949 2079 985 2125 ac
1003 2061 1139 2144 discipli·
1181 2067 1192 2127 Γ

193 2191 293 2256 nam,
316 2174 379 2238 hoc
398 2187 582 2256 argumento
598 2171 731 2256 intelligi
744 2171 859 2254 potest.
905 2167 1027 2258 Multi,
1050 2151 1137 2266 iique

193 2287 422 2376 praeclarissimi
446 2289 527 2371 viri,
559 2307 631 2354 cum
646 2286 818 2354 studiorum
836 2304 966 2374 genere,
991 2291 1032 2358 ad
1048 2293 1137 2376 quod
1164 2277 1189 2331 ‘.

190 2404 231 2470 ab
258 2403 325 2490 ipsa
349 2418 461 2470 natura
488 2403 735 2486 deducerentur,
765 2405 896 2487 relicto,
926 2405 955 2478 se
981 2405 1020 2472 ad
1040 2387 1141 2476 Criti'.

188 2537 260 2586 cam
284 2517 506 2602 contulissent,
535 2519 708 2588 eruditione
736 2517 818 2602 srbi,
851 2520 938 2604 quod
955 2537 1065 2594 natura
1080 2545 1135 2594 ne,

101 2671 103 2676 ·
189 2647 298 2720 garat,
329 2653 437 2719 parare
454 2633 665 2716 conatisunt,
687 2635 865 2719 ingeniique
881 2635 1057 2720 vicariurn,
1081 2660 1131 2732 ar,

189 2747 324 2821 tilleium
352 2748 513 2833 quoddam
540 2748 755 2826 assumserunt.
810 2750 957 2835 Quorum
976 2770 1132 2840 conatus,

189 2865 255 2933 noli
286 2884 452 2950 quaerere,
495 2885 590 2948 quam
623 2865 787 2930 infeliciter
821 2864 952 2950 cesserit.
1006 2868 1133 2952 Quanta

189 2980 403 3064 eruditionis,
420 2978 459 3058 de
477 2979 609 3048 Graecis
627 2978 776 3068 sontibus
790 2975 925 3060 douae,
949 2980 1042 3072 copia
1062 2959 1133 3076 soeg

186 3096 227 3164 rit
253 3095 362 3182 inJo.
387 3092 527 3162 Meursro
557 3093 589 3160 dc
615 3093 677 3161 Ez.
696 3091 907 3176 Spanhemio,
931 3112 1023 3160 nemo
1041 3095 1134 3182 igno·

185 3209 345 3294 rat‚⁶nisr
374 3209 430 3294 qui
454 3209 550 3294 ipsam
575 3208 792 3292 antiquitatem
821 3205 977 3276 Graecam
996 3213 1130 3296 ignoret.

183 3325 227 3397 At
251 3326 297 3392 illi
325 3323 407 3409 ipsc,
436 3345 509 3394 cum
534 3325 598 3392 vim
623 3324 725 3392 facere
753 3335 904 3405 naturae,
929 3324 1130 3394 &criticam

185 3459 324 3508 exercere
352 3439 543 3525 instituunt,
574 3459 670 3524 quam
694 3439 766 3506 sunt
792 3438 947 3505 dissimiles
964 3439 1031 3508 sui!
1056 3443 1132 3514 Duo

186 3555 431 3643 praestantissimi
457 3557 540 3640 viri,
573 3555 618 3627 N.
645 3555 792 3622 Heinsius
811 3553 892 3623 &P.
911 3553 1131 3640 Burmannus,

114 3733 119 3738 .
183 3689 278 3738 omne
319 3671 455 3738 studium
481 3673 573 3740 suum
598 3672 632 3743 in
656 3670 765 3738 Poetis
788 3667 913 3735 Latinis
939 3673 1133 3754 expoliendis

177 3785 428 3863 consumserunt.
476 3789 545 3874 pari
565 3801 699 3874 uterque
719 3783 919 3869 eruditione,
950 3783 1002 3855 sed
1019 3786 1134 3886 dispari
1221 3854 1224 3860 .

621 3918 623 3923 ·
742 3901 838 3988 Aa·
1062 3922 1136 3970 acu-
