2922 4734
407 355 676 440 moerore
720 355 1053 437 unrnun'rtoo.
1091 385 1190 476 ¹«trae

243 536 392 624 ‘tllurlt'in
407 547 574 638 perniciem
592 565 729 634 vocent,
753 553 1001 638 teterrimumque
1016 546 1188 620 barbariem

253 672 430 740 reducant?
453 669 533 736 Vere
548 669 642 756 igitur
656 668 820 735 Petronius
834 671 960 738 Arbiter
974 687 1097 736 omnem
1115 671 1194 766 libeq

247 790 329 855 ralis
343 781 681 868 doetrinae,=inprirnis
698 784 912 868 eloquentiae,
928 787 960 852 in
980 785 1191 870 deterius'lap·
1235 855 1237 867 ,

236 906 304 972 2sae
327 905 450 986 culpam
475 896 649 965 confertio
675 893 893 967 umbraticum
916 901 1107 984 Doslora'm,
1131 905 1189 988 qus
1209 895 1267 1000 ψ

248 1023 408 1105 fresonum
437 1019 571 1102 ingenia
600 1013 698 1082 delet.
757 1017 874 1104 Juvat,
904 1035 997 1101 quant
1023 1016 1188 1086 Petronius

255 1135 363 1202 leviter
382 1129 556 1217 perstrinxit
577 1131 743 1196 umbratici
766 1130 903 1198 doctoris
920 1131 1133 1216 disciplinam,
1156 1135 1191 1202 in

254 1252 318 1318 lroc
348 1244 618 1314 eruditilsrmorum
653 1246 817 1326 hominurn
848 1262 1005 1316 conventu
1038 1250 1221 1344 explicare·

245 1365 404 1446 uberius,
427 1359 600 1446 praesertim
620 1379 693 1428 cum
710 1355 999 1444 illumiminatae,
1014 1359 1109 1447 quam
1127 1365 1193 1448 ipse

255 1481 338 1545 uiam
360 1497 397 1543 ac
420 1477 569 1543 rationem
597 1476 729 1544 docendi
752 1477 915 1545 tenendam
939 1493 1066 1563 putem,
1098 1479 1188 1550 stmul
1278 1481 1281 1493 '

252 1593 424 1679 ¹significare
450 1611 487 1658 ac
511 1591 665 1658 declarare
690 1593 815 1678 poliim.
868 1593 966 1680 Quad
993 1593 1068 1662 dum
1083 1595 1189 1679 fueio‘,

254 1711 368 1794 quaeso
389 1727 408 1776 a
432 1707 558 1790 Vobis,
589 1707 776 1776 Ornatiffimi
792 1695 985 1794 Auditores,
1008 1727 1044 1778 ut
1060 1731 1136 1794 me,
1151 1711 1191 1780 st·

248 1821 311 1896 scut
328 1824 429 1890 facete
445 1821 635 1906 instituistis,
657 1825 787 1908 benigne
803 1840 980 1910 attenteque
996 1828 1145 1901 atrdlntis.

298 1937 365 2006 Etsi
379 1937 519 2022 plerique
541 1939 686 2003 mortales
700 1939 791 2004 instro
806 1939 946 2020 quodam
961 1942 1043 2006 lueis
1061 1942 1093 2008 δι
1109 1947 1188 2010 cele·
1273 1945 1278 1954 “

255 2053 377 2122 britatis
406 2049 507 2118 studio
524 2049 704 2136 ducuntur,
727 2053 845 2120 multos
863 2053 1014 2122 tamenin
1030 2055 1188 2126 literarum

247 2167 381 2236 ·stu‹i10s
384 2187 399 2232 s
373 2165 600 2250 areperietis,
631 2169 686 2250 qui
706 2167 769 2235 srve
786 2183 912 2236 naturae
930 2142 1127 2254 morositate,
1151 2172 1191 2240 st-

254 2305 293 2352 ve
309 2283 491 2368 superbia,
503 2282 536 2349 δι
549 2283 678 2362 aliorum
696 2299 877 2369 contemtu,
901 2284 1011 2354 srue
980 2287 1074 2353 nrruia
1088 2287 1191 2355 litera·
1210 2327 1218 2342 ι

213 2395 215 2402 ’
247 2419 325 2464 rum
354 2397 521 2479 aviditate,
550 2396 614 2466 five
637 2412 827 2485 quacunque
841 2400 901 2466 alia
916 2401 1039 2486 caussa,
1062 2399 1094 2470 in
1119 2424 1189 2472 mu·

247 2515 295 2580 sei
309 2514 419 2578 ttrnbra
435 2513 478 2578 ita
494 2511 522 2576 se
536 2513 630 2581 literis
647 2516 784 2600 abdant,
806 2532 843 2583 ut
858 2515 1043 2602 reipublicae
1060 2523 1187 2606 lucem',
1206 2589 1208 2594 ,
1245 2601 1253 2623 .

252 2629 481 2710 hominumque
499 2625 751 2700 consuetudinem
765 2631 910 2720 fugiant,
927 2653 984 2701 nec
1001 2635 1188 2726 quicquam,

193 2747 198 2754 '
248 2743 342 2829 quod
360 2744 400 2810 acl
414 2735 613 2814 communem
628 2747 766 2840 frustum
785 2747 996 2816 &utilitatem
1015 2751 1186 2836 pertineat,

253 2862 287 2928 in
309 2860 485 2943 anspeetum
501 2858 696 2942 producant:
722 2861 777 2943 qui
793 2861 864 2928 inele
882 2883 900 2929 a
918 2865 1040 2932 Latinis
1057 2867 1189 2934 umbra·

248 2981 313 3042 uici
330 2971 398 3040 sunt
412 2973 567 3058 appellati.
591 2973 635 3039 Hi
654 2973 817 3056 postquam
835 2975 864 3040 se
880 2977 1088 3047 abhominum
1099 3001 1188 3049 corn.

249 3092 370 3158 mercio
394 3091 610 3173 segregarunt,
640 3089 747 3154 cereris
763 3089 941 3160 hominibus
958 3096 1090 3162 nullate
1107 3097 1189 3166 simi·

247 3209 298 3271 :les
312 3205 370 3270 elle
384 3205 515 3284 volunt,
538 3202 581 3270 fic
599 3195 746 3285 dentum,
770 3205 859 3272 stulte
875 3207 1060 3292 credentes,
1077 3212 1104 3275 se
1119 3231 1190 3296 gra·

232 3321 371 3386 eviorern
394 3317 816 3404 augustioremquet'speciem
840 3322 1015 3392 habituros.
1067 3326 1188 3394 Vultus

247 3435 298 3497 est
314 3437 443 3502 tetricus
457 3437 489 3502 δι
503 3439 719 3522 truculentus,
738 3437 889 3504 ridiculus
907 3439 1059 3523 incessus,
1076 3444 1189 3512 abhor-

257 3565 331 3612 reas·
348 3568 365 3611 a
388 3569 473 3614 rnore
498 3553 659 3618 communi
678 3553 818 3635 corporis
835 3569 962 3637 motus,
984 3555 1113 3625 vellitus
1130 3561 1189 3628 im-

258 3660 374 3724 munda
406 3662 510 3728 illuvie
534 3667 699 3748 squalens,
728 3682 766 3732 ut
788 3687 852 3734 non
878 3669 1019 3736 homines
1047 3673 1185 3761 diceres,

258 3776 310 3844 sed
332 3775 494 3846 hominum
518 3781 778 3848 terriculamenta.
830 3783 950 3870 Quodsi
977 3787 1109 3860 sortcex
1123 3811 1191 3856 urn-

832 3964 835 4002 1
1124 3906 1192 3972 brae
