2910 4728
318 334 443 460 nl
554 381 1027 470 nnoernn

322 572 482 662 summus,
512 578 544 644 in
569 581 631 646 hoc
655 582 721 666 ipso
744 583 918 668 linguarum
941 583 1066 667 lindio,
1088 563 1253 670 praebul'rj

321 687 507 756 invenienda
530 693 679 762 verilllma
703 695 868 782 Originum
891 699 1081 766 Graecarum
1106 699 1251 781 ratione,

321 802 467 870 finoolari
491 797 613 892 linguae
637 809 900 894 Graecae„adde
917 811 948 880 ir
964 813 1118 895 Latinae,
1140 811 1251 897 praesn
1357 825 1360 830 “

320 853 390 982 clici2
402 917 434 983 lla
457 937 651 991 ornamento.
704 925 811 1010 HuJ‘us
838 929 995 1012 analogiae
1019 942 1169 1010 tanquam
1196 927 1251 993 filo

323 1031 459 1117 dusius,
482 1035 712 1120 fimplitiffimas
728 1042 894 1109 verborum
913 1042 1051 1124 formas,
1075 1041 1252 1124 quaebinia

322 1150 464 1215 tribusve
489 1151 584 1218 literis
608 1151 800 1237 constarent,
824 1156 855 1222 or
873 1175 935 1224 una
947 1175 1022 1238 oum
1037 1157 1075 1222 iis
1091 1171 1178 1222 natas
1193 1155 1254 1240 srg·

262 1250 264 1255 ’
319 1262 519 1332 nificationes
534 1267 714 1352 indagavit,
737 1269 854 1338 formas
868 1259 1032 1363 omnen&
1049 1269 1196 1336 flexiones
1212 1268 1253 1335 ad
1358 1331 1360 1338 ,

318 1395 438 1445 certam
460 1381 610 1448 rationem
636 1383 815 1465 revocavit,
844 1402 883 1450 ex
900 1385 1055 1468 primariis
1069 1384 1254 1452 notionibus

324 1493 541 1578 secundarius,
567 1496 838 1579 &consequentes
852 1495 981 1580 elicuit,
1004 1517 1171 1580 earumque
1189 1507 1255 1566 non

322 1609 423 1677 solum
440 1611 681 1694 cognationem,
703 1610 754 1676 sed
773 1609 864 1678 etiam
883 1612 1080 1698 migrationes
1097 1611 1254 1694 ostendit,

318 1725 554 1792 commentitias
578 1726 771 1806 anomaliae,
794 1725 911 1810 quibus
927 1725 1136 1798 Grammatic'r
1149 1727 1256 1791 omnia

316 1838 570 1924 »perturbassenn
607 1840 761 1923 explosit,
800 1840 936 1924 deniqne
963 1842 1102 1908 tenebras
1133 1841 1256 1924 linguae

326 1971 382 2037 per
403 1969 453 2020 tot
474 1954 576 2022 secula
602 1955 717 2022 offusas
741 1955 786 2020 ita
810 1955 967 2038 discussit,
991 1970 1136 2040 utsqua
1152 1954 1258 2039 lingue

311 2069 412 2136 'nulla
426 2068 470 2136 est
487 2089 589 2153 neque
605 2072 731 2153 verbis,
752 2088 855 2152 neque
869 2069 1000 2152 formis,
1017 2068 1193 2153 copiosror,
1208 2089 1259 2136 ea·
1316 2057 1318 2060 ⁵

310 2184 398 2250 uem
415 2185 479 2269 jam
496 2187 583 2250 nulla
599 2184 767 2265 reperiatur
783 2181 823 2247 ad
842 2181 1022 2248 discendum
1037 2184 1171 2249 facilior.
1196 2182 1259 2249 Sed

314 2299 425 2382 'hujus
437 2279 493 2362 'rei
512 2297 703 2364 subtiliorem
728 2295 924 2378 &exemplis
942 2296 1187 2364 confirmandam
1205 2315 1258 2366 en·

310 2459 314 2464 -
326 2411 525 2498 piscationem
551 2430 615 2478 non
643 2410 727 2495 capit
749 2410 909 2494 popularis
929 2411 1068 2494 scriptio.
1112 2412 1260 2481 Gratulo-

313 2541 398 2595 ³mur
428 2528 534 2612 potius
570 2527 677 2594 aetatis
708 2525 828 2591 nostrae
849 2524 1009 2610 felicitati,
1040 2545 1142 2612 quae,
1173 2528 1279 2612 quotl-

329 2643 463 2728 majores
487 2639 583 2708 nostri
599 2654 746 2726 optarunt
762 2640 885 2726 magis,
908 2659 1001 2724 quam
1020 2640 1200 2725 sperarunt,
1225 2643 1258 2710 id

317 2776 397 2825 ¹non
414 2771 536 2841 tantum
550 2757 585 2822 in
596 2755 732 2840 Gracia,
753 2775 863 2823 verum
880 2757 973 2822 etiam
989 2755 1022 2822 in
1037 2757 1261 2839 Orientalibus,

332 2893 399 2943 nno
423 2889 561 2957 tempore
585 2873 617 2938 δι
640 2871 823 2938 inchoatum
846 2870 877 2936 δι
903 2871 1149 2938 consummatum
1168 2873 1260 2940 vidit'.

274 2988 280 3030 ;
312 3019 317 3027 ¹
334 2991 460 3059 Etenim
480 2987 567 3073 qnod
582 2987 739 3072 analogiae
755 2989 861 3054 lumen
881 2987 1127 3054 Hemsterlrustus
1140 2987 1263 3071 linguae

333 3097 496 3188 Graecae,
512 3102 665 3169 ideodem.
675 3119 815 3186 tempore
825 3101 1033 3168 Orientalibus
1046 3103 1155 3168 iutnlit
1165 3103 1264 3170 Hem·

335 3217 475 3288 nernusri
502 3193 609 3300 'civim
650 3217 810 3302 aequalis,
839 3215 1092 3298 condiscipulus,
1123 3217 1263 3300 collega,

334 3337 479 3417 amicus,
512 3334 624 3400 unicus
646 3333 825 3412 literarum,
856 3348 934 3412 quas
948 3328 1172 3413 profitebatur,
1195 3329 1265 3397 vin·

309 3499 314 3504 -
336 3452 417 3533 dex,
439 3449 587 3516 Albertus
604 3445 852 3520 schunensrus„

379 3563 442 3630 Hic
459 3546 584 3630 sorsnan
601 3561 684 3625 dicat
702 3561 813 3645 aliquis
829 3578 958 3640 eorum,
983 3559 1038 3642 qui
1058 3560 1171 3628 nolunt
1190 3550 1267 3628 eun·

207 3653 210 3660 ’
307 3709 311 3722 ·
338 3676 408 3742 dem
432 3675 588 3742 hominem
607 3674 750 3757 pluribus
767 3674 860 3740 rebus
878 3675 1042 3741 excelleret
1066 3672 1103 3740 fit
1117 3673 1185 3740 sane
1201 3676 1267 3741 iraa

325 3791 479 3867 «habuerit
504 3771 751 3860 nemnerhufius
765 3788 955 3863 Graecarum
970 3790 1126 3859 literarum
1141 3789 1265 3862 suenda

335 3914 339 3918 .
613 3905 617 3912 .
1212 3919 1268 3988 pa·
