2910 4728
291 357 999 459 10.EL''0G1U·M
1117 323 1136 386 Ψ

286 547 373 627 edet.
416 545 558 629 Verum,
580 546 777 614 vacanteilla
795 549 980 632 provincia,
1002 565 1051 618 res
1075 547 1162 621 secus
1177 571 1248 620 ce·-

286 662 389 748 cidit,
421 681 488 752 non
511 663 703 732 curatorum
723 665 886 736 voluntate
903 665 1056 748 alienata,
1080 666 1133 732 sed
1153 668 1228 734 arti·

285 782 347 850 bus
371 794 503 863 eorum,
537 778 614 866 qui,
645 798 684 848 ne
706 781 882 860 luminibus
906 781 969 848 suis
994 781 1240 868 obstrueretur„

285 897 477 971 metuebant,
533 896 617 964 Data
633 894 677 964 est
691 895 840 968 Profelsro
858 896 1104 982 Havercampo,
1127 896 1152 964 fi
1170 898 1229 966 mi·

284 1031 345 1082 nus
371 1010 637 1094 Academiae,.at
656 995 798 1096 ipsorum
811 1011 986 1080 rationibus
1005 1013 1229 1082 accommoda·

109 1133 112 1147 '
161 1201 162 1204 ,
282 1142 331 1195 te.
386 1127 449 1194 Sed
464 1126 541 1196 haec
560 1130 674 1210 latere,
697 1129 808 1194 melius
825 1126 891 1212 est,
915 1146 1010 1212 quam
1026 1147 1101 1196 cunr
1119 1131 1229 1196 audio·

282 1263 354 1312 rum
376 1243 548 1328 ignominia
572 1242 770 1310 &dedecore
786 1245 820 1310 in
840 1245 948 1310 lucem·
961 1241 1106 1326 profert-i.
1152 1242 1228 1311 Lei·

283 1359 342 1427 dae
373 1367 448 1430 cum
480 1357 731 1426 Hemstcrhufius
757 1357 930 1424 studiorum
958 1358 1054 1441 spatia
1082 1357 1227 1426 decurre·

282 1478 362 1560 bat,
392 1479 448 1546 vix
474 1476 551 1542 dum
576 1477 700 1559 expleto
724 1473 847 1540 decimo
877 1491 964 1540 nono
987 1473 1097 1542 aetatis
1119 1493 1236 1566 anno„

190 1609 192 1614 ’
282 1592 576 1671 Amlhelodamutn,
598 1605 634 1656 ut
645 1591 805 1682 juventuti
821 1588 971 1656 studiosae
990 1588 1074 1656 viam
1093 1589 1133 1656 ad
1149 1589 1228 1684 May

280 1708 380 1776 thefih
398 1705 677 1788 &Philosophiam
696 1705 849 1790 praeiret,
872 1705 1044 1774 honorifice
1060 1704 1224 1776 invitatur.

206 1869 213 1909 χ
280 1823 365 1913 Quis
385 1821 453 1906 est,
485 1821 541 1906 qui
564 1821 656 1888 talem
672 1821 869 1905 provinciam
886 1822 1020 1904 nauus,
1042 1839 1107 1889 non
1124 1836 1224 1890 totam
1323 1903 1336 1914 ..

280 1937 457 2035 studiorum
477 1936 630 2004 rationem
656 1935 903 2004 commutasset?
935 1953 1000 2002 non
1024 1934 1224 2004 humaniores

278 2055 406 2137 literas,
438 2051 536 2121 veluti
561 2051 752 2136 crepundia,
775 2048 957 2136 abjeciffetl
989 2050 1079 2121 Talis
1097 2050 1226 2122 stultitia

230 2143 243 2177 ⁰
278 2171 313 2238 in
331 2173 432 2252 allos,
455 2167 495 2238 ab
508 2165 646 2250 angustis
662 2165 821 2232 dodlriuae
835 2163 1032 2246 compendiis
1046 2166 1225 2249 profectos,

277 2287 388 2356 cadere
400 2297 553 2372 poterat,
583 2280 617 2346 in
634 2275 900 2347 Hemsterhuiium
914 2295 979 2344 non
996 2293 1143 2364 poterat,
1167 2279 1225 2363 qui

275 2401 433 2493 praeclare
454 2399 565 2480 sciret,
595 2415 661 2481 quo
685 2393 842 2461 societatis
869 2372 1231 2480 vincu10‚haediscipli·‚

275 2537 335 2587 ttae
360 2517 441 2582 inter
461 2515 491 2582 se
508 2512 736 2601 devinciamur·
780 2511 830 2578 Ac
846 2508 959 2596 repetit
977 2507 1224 2594 Amstelodami,
1243 2493 1246 2507 ’

277 2651 415 2718 quorum
435 2627 659 2696 consuetudine
672 2625 895 2712 elegentiotum
915 2624 1072 2698 literatum
1083 2625 1222 2694 studium

276 2767 343 2820 non
370 2747 567 2816 mediocriter
588 2745 693 2812 aleret.
746 2739 889 2810 Ornabat
911 2755 980 2810 tum
997 2741 1088 2814 ¹illam
1111 2743 1222 2812 urbem

182 2867 187 2894 ³
215 2905 218 2910 ·
275 2864 455 2952 ingeniosus
477 2863 598 2944 Poeta,
632 2857 664 2926 dt
687 2856 818 2926 disertus
837 2856 1009 2928 Poetoum
1029 2857 1222 2928 Latinorum

239 2966 242 2976 ¹
276 2982 450 3067 interpres,
476 2981 580 3068 Jantts
605 2970 837 3042 Broukhufius.
860 3038 863 3044 ,
888 2972 926 3041 In
945 2973 1053 3042 eadem
1078 2988 1148 3041 tum
1166 2973 1224 3042 ali·

279 3113 360 3184 quot
382 3115 482 3164 annos
506 3093 661 3178 degebant
676 3089 854 3174 Stephanus
873 3089 1036 3174 Berglerus
1052 3090 1084 3158 dc
1098 3089 1224 3158 Ludol·

189 3234 191 3240 ·
275 3215 361 3301 phus
379 3211 553 3292 Kullerus,
579 3210 630 3276 ille
644 3205 757 3274 veteris
771 3203 986 3290 philosophiae
1001 3204 1150 3285 scientia,
1167 3203 1220 3272 hic

275 3332 386 3400 critica
406 3328 581 3408 facultate,
613 3339 744 3407 uterque
768 3321 900 3390 Graecis
926 3318 1024 3388 literis
1039 3332 1104 3388 tam
1118 3315 1222 3388 excel·

228 3505 232 3521 .
276 3449 365 3531 lens,
396 3462 437 3524 ut
453 3441 636 3527 ambiguum
656 3436 786 3525 posteris
797 3435 999 3520 reliquerint,
1022 3447 1091 3502 utet
1107 3433 1169 3502 utri
1183 3451 1221 3503 ea

275 3563 369 3632 laude
392 3557 570 3647 praestaret.
617 3557 765 3643 Quorum
779 3551 949 3620 amicitiam
964 3543 1219 3618 Hemllerhuiius

276 3679 443 3764 appetebat
473 3671 691 3760 cupidissime,
733 3669 920 3750 tenebatque
943 3684 981 3732 eo
1005 3663 1221 3734 constantiusa
1342 3728 1353 3744 ⁸

277 3815 343 3882 quo
368 3793 468 3880 tnagis
494 3789 655 3875 ingenium
678 3783 788 3852 talium
814 3783 954 3852 motum
966 3782 1163 3852 sermonibus
1179 3780 1220 3852 ad
1311 3799 1313 3825 ¹

840 3910 844 3917 “
1114 3912 1218 3964 omma
