2874 4738
294 455 355 537 32⁶
457 449 1043 522 n1ssnnrsrro

720 665 798 734 lx.
889 719 893 724 .

339 857 407 928 Em
429 881 502 927 vero
526 860 690 945 Longinus
713 861 743 934 se
770 863 901 930 Athenis
919 861 1135 948 philosopham
1151 863 1220 944 dici
1298 885 1303 896 ·

298 975 464 1059 haberique
492 977 615 1058 voluit,
645 978 706 1048 hoc
728 993 830 1043 nmen
855 995 918 1043 non
939 997 1005 1047 eam
1024 979 1086 1042 vim
1103 979 1216 1061 hahet,

151 1095 157 1104 '
293 1105 352 1170 ιιι,
394 1089 481 1173 quod
505 1090 647 1156 Valesius
674 1093 793 1158 efficere
817 1107 937 1173 tentat,
967 1093 1048 1167 sein
1076 1093 1218 1164 docendo

274 1203 387 1269 ‘nnius
411 1203 621 1286 philosophiae
639 1205 755 1274 finibus
770 1205 977 1286 continuerit,
999 1209 1116 1282 nullam
1131 1225 1218 1289 prae,

290 1333 495 1385 terea-artem
518 1317 662 1406 attigerit.
715 1321 800 1385 Cum
815 1321 896 1389 enim
913 1319 995 1402 ipse,
1018 1321 1154 1388 Platonis
1170 1321 1217 1386 sui

293 1437 456 1518 exemplo,
486 1445 525 1498 ut
550 1432 626 1497 bene
640 1431 762 1516 judicat
784 1433 865 1498 idern
879 1433 1019 1500 Valesrus
1033 1434 1070 1498 de
1088 1435 1168 1504 Crit.
1186 1435 1219 1504 Is

292 1552 347 1615 16.
380 1547 608 1630 eloquentiam,
636 1563 668 1611 et
683 1563 798 1613 ceteras
815 1565 913 1628 artes,
938 1549 1053 1629 quibus
1069 1549 1219 1630 eloquen-

289 1663 333 1727 tis
352 1662 443 1728 alitur
461 1676 493 1726 et
518 1674 668 1743 augetur,
689 1679 761 1726 cum
780 1663 974 1743 philosophia
992 1661 1216 1754 conjunxisset,

201 1805 212 1814 ·
275 1776 487 1868 ,crinemque
502 1771 638 1851 studium
658 1774 830 1840 Aristotelis
845 1775 1047 1862 aemulatione
1062 1773 1215 1842 ailumfie·

289 1891 353 1974 set,
368 1909 448 1974 quae
461 1887 585 1955 nudem
600 1885 663 1953 liae
675 1889 748 1972 lex,
763 1887 825 1956 slve
842 1890 1033 1978 consuetudo
1044 1892 1141 1966 ‚illum
1157 1891 1219 1954 im-

287 2003 412 2090 pediit,
437 2021 502 2086 quo
524 2004 628 2068 minus
642 2002 712 2085 suae
731 2021 857 2086 quoque
874 2005 907 2069 in
922 2004 983 2069 hoc
998 2024 1105 2088 genere
1118 2004 1219 2069 scien·

279 2120 349 2187 ¹tiae
365 2118 487 2201 copiam
503 2107 615 2195 discere
630 2117 828 2201 cupientrhus
842 2115 982 2207 iaceret?
1004 2115 1212 2202 Porphyaium

263 2293 266 2300 .
286 2233 438 2302 Criticam
465 2245 495 2319 et
517 2231 716 2322 Rhetoricam
732 2251 749 2296 a
763 2231 911 2320 Longino
926 2233 1094 2314 accepisse,
1118 2233 1212 2298 diser·

286 2363 340 2413 tus
360 2345 443 2413 testis
458 2344 502 2410 est
517 2344 682 2429 Eunapius
700 2347 731 2411 in
746 2347 773 2431 ej
779 2366 815 2432 us
831 2345 905 2412 Vita
926 2365 960 2428 p.
982 2366 1031 2428 13.
1054 2365 1147 2429 quem
1163 2347 1214 2412 in»

223 2449 226 2456 ’
284 2460 367 2555 juria
387 2459 564 2550 reprehendi
587 2481 604 2524 a
628 2459 773 2544 Vareno,
803 2459 875 2529 satis
899 2461 1031 2528 ostendit
1046 2464 1095 2544 is,
1119 2482 1214 2546 quem

264 2575 378 2658 ,supra
402 2571 621 2654 laudavimus,
645 2575 781 2659 Joannes
799 2576 945 2654 Siceliota
964 2577 1038 2662 MS.
1063 2577 1211 2666 Lorrgino

285 2708 351 2758 non
379 2687 522 2774 ambigue
547 2688 690 2772 'enhuens
715 2668 787 2752 artis
813 2689 982 2756 rhetoricae
1005 2691 1211 2774 disciplinam.

283 2803 402 2870 Verum
418 2817 520 2869 mmen
535 2801 668 2895 Critices
685 2801 811 2888 scientia
826 2803 939 2886 latius,
965 2823 1057 2885 quam
1074 2807 1216 2886 philolo*

282 2919 379 3006 phia,
402 2935 512 2984 nomen
528 2916 615 2982 suum
634 2915 817 3000 illustravit,
840 2937 904 2984 non
920 2937 985 3001 quo
1001 2919 1059 2985 hac
1071 2919 1213 2986 faculta-

282 3048 315 3100 te
329 3035 433 3103 minus
452 3033 630 3114 excelleret,
651 3046 689 3096 ut
708 3029 903 3110 Holstenimn¹
915 3035 952 3098 -in
969 3033 1123 3122 Porphyr.
1143 3033 1204 3099 Vi·

280 3162 313 3228 ta
342 3170 376 3240 p,
399 3159 459 3234 hp,
483 3145 662 3212 'existimasse
683 3145 798 3234 vide0,
820 3145 870 3240 sed
886 3146 993 3228 quod,
1017 3164 1052 3214 ut
1066 3139 1209 3238 messere

279 3265 410 3348 opinio,
431 3262 656 3344 corrupta'J‘am
672 3281 726 3343 per
747 3262 930 3332 recentiores
944 3261 1123 3338 Platonicos
1138 3263 1211 3344 phi-

277 3368 437 3462 losophia,
469 3376 567 3442 serrrm
593 3389 677 3471 erat,
708 3375 903 3459 hominesad
918 3388 1034 3468 veseres
1052 3376 1210 3450 dosleina·

273 3511 344 3560 sum
372 3492 495 3573 sontes,
518 3505 611 3572 atque
629 3491 705 3554 adeo
723 3489 761 3554 ad
779 3489 878 3560 sanam
898 3507 1026 3556 mentem
1045 3509 1206 3566 revocare.

273 3605 340 3692 Qui
366 3606 515 3672 fanaticae
542 3605 751 3687 philosophiae
776 3623 862 3668 annor
880 3623 952 3680 pum
970 3605 1204 3688 Porphyrium,

273 3718 493 3799 discipulorum
524 3719 793 3806 Longinianorum
816 3719 1128 3812 praestantissimum.
1159 3719 1205 3802 ira

268 3828 546 3916 iusatuali'et,·ut,
570 3819 861 3929 desertohongirro,
879 3835 917 3899 ad
932 3835 1086 3923 Plotinum
1102 3849 1204 3913 trans}

992 3981 995 3988 =
1123 3946 1204 4040 iret,
