2910 4728
315 385 1018 476 TIBERII'HEMSTERHUSII.
1100 407 1145 460 n

201 579 310 648 omnic
329 576 496 664 elegantiae
522 575 641 643 sensum
664 574 846 643 acuebatur.
892 574 964 645 Hac
979 589 1043 642 tam
1060 571 1151 644 felici

202 699 292 768 velut
309 695 499 779 contagione
515 691 733 760 Broukhnsrus
749 691 782 758 in
797 689 869 758 eitm
884 691 1059 758 transfudit
1070 690 1150 756 Pro·

202 811 310 897 pertis,
347 808 498 876 Kustetus
535 807 752 894 Aristophanis
785 826 946 888 amorem,
983 806 1150 874 salutarem

203 927 351 1011 deinceps
376 926 502 1008 utrique
519 921 636 992 Po'e‘tae
651 924 809 990 futurum.
855 921 917 990 Sed
930 923 996 1007 jam
1016 937 1086 988 ante
1099 921 1151 987 in·
1282 909 1285 919 ¹

201 1055 393 1122 convenerat,
416 1041 505 1125 qnod
523 1039 789 1108 Hemsterhusinm
804 1053 880 1105 cum
894 1039 1027 1105 Graecis
1042 1035 1153 1102 Mufiu

201 1159 300 1224 artius
317 1157 511 1244 conjugetet.
556 1155 743 1226 Destituerat
758 1158 807 1222 vit
822 1154 936 1222 dosius
947 1153 1025 1238 julii
1041 1153 1155 1218 Pollu-¹·

202 1273 250 1341 cis
265 1273 457 1356 editionem,
480 1291 561 1356 quae
577 1269 802 1340 Amstelodami
815 1273 996 1356 parabatur.
1043 1270 1151 1354 Quae·
1213 1247 1216 1254 ’
1274 1271 1276 1276 ’

203 1390 306 1470 titur,
339 1387 396 1473 qui
419 1387 697 1474 destitutaspartes
711 1386 860 1469 excipiat.
906 1366 1033 1451 Ittuad
1049 1385 1149 1451 Hem·

205 1503 402 1592 stethustnnu
450 1503 507 1586 is,
530 1503 658 1571 Graevii
673 1503 860 1572 ansionitate
877 1501 1048 1584 impulsos.
1072 1519 1151 1582 ope·

201 1621 246 1688 ris
272 1639 381 1687 curam
409 1595 556 1702 suscipit,
589 1619 925 1700 &commentatioue‚
947 1617 1079 1703 juvenili
1094 1618 1148 1682 isla

202 1736 360 1820 quidem,
392 1751 594 1802 veruntamen
621 1735 746 1820 juvenis
769 1733 1014 1815 Hemsierhusri,
1044 1731 1168 1798 erudio·
1231 1747 1232 1752 ’

200 1851 388 1918 tiistmotum
423 1850 589 1914 hominnm
612 1852 738 1916 oculos·
752 1849 946 1930 animosque.
960 1851 994 1916 itt
1018 1849 1046 1913 se
1069 1839 1148 1916 con·

200 1962 309 2031 vertit.
359 1961 426 2044 Ipse
452 1963 561 2027 auiiot
585 1965 683 2046 (quis
706 1963 787 2026 enim
813 1963 868 2026 tali
884 1978 982 2026 aetate
1000 1964 1029 2028 se
1043 1964 1154 2043 ipsum·

204 2071 442 2162 contemnenti)
483 2075 522 2140 de
551 2076 614 2141 hoe
650 2093 744 2159 opere
774 2075 846 2142 satis
879 2079 957 2141 bene
987 2075 1154 2146 sentiebam

201 2191 296 2260 Brevi
319 2190 390 2276 post
412 2211 430 2256 a
459 2191 621 2258 Richardo
637 2189 799 2275 Bentlejo,
822 2191 998 2258 Britanniae
1013 2173 1148 2258 Aristar·

202 2305 286 2389 cho,
316 2306 418 2373 literas
446 2307 584 2390 accipit,
617 2306 748 2390 quibus·
763 2306 890 2390 quidem
914 2326 1009 2392 opera
1024 2308 1154 2376 Polluci·
1273 2393 1275 2400 Α

201 2437 316 2493 navata
339 2421 449 2490 eximie
473 2420 669 2490 laudabatur.
722 2422 767 2488 At
793 2422 918 2490 eaedem
944 2425 1051 2491 literae
1074 2425 1155 2510 (*)2

201 2514 397 2622 Bentlejanat
418 2535 649 2604 emendationes
675 2537 709 2602 in
736 2539 944 2620 comicorum
960 2541 1053 2621 ioca,
1077 2539 1151 2624 qui·

84 2673 87 2680 ’
200 2653 264 2720 bus
278 2653 393 2720 Pollux
408 2671 426 2716 a
439 2650 469 2718 sc
485 2652 576 2718 dietis
596 2651 689 2748 fidem
708 2654 741 2720 sit
755 2652 970 2723 auctoritatem
980 2654 1148 2722 concilias·

200 2768 266 2851 set,
296 2769 597 2852 complectebantur.
648 2769 684 2836 In
710 2769 829 2852 quibus
854 2770 934 2838 iocis
951 2772 1147 2844 restituendis

202 2881 454 2953 Hemstetnussus
472 2901 604 2987 quoque
619 2883 829 2950 consumserat
848 2885 940 2951 studii
959 2888 1147 2968 plurimum,
1191 2913 1193 2918 v
1271 2871 1274 2876 ’

203 3000 312 3086 pulcre
328 2998 525 3082 intelligens,
547 2997 700 3063 summam
718 2999 761 3066 rei
778 3001 811 3068 in
825 2999 887 3064 illis
901 3000 990 3069 verti.
1036 3000 1148 3068 Enim·
1182 3073 1184 3080 y

202 3133 311 3199 veto,
340 3113 429 3182 lectis
453 3111 772 3182 animadversionibus
797 3114 1002 3201 Bentlejanis,
1033 3117 1121 3184 videt
1132 3137 1153 3200 ,·
1225 3205 1227 3212 y
1354 3168 1362 3181 .

202 3231 327 3299 manem
345 3248 472 3315 operam
488 3227 575 3295 suam
591 3226 702 3312 fuisse,
726 3230 854 3294 alterum
871 3233 976 3298 omnia
994 3229 1155 3298 divinitus·

202 3345 401 3432 expediisse
438 3345 514 3432 Quo
544 3360 613 3412 tum
638 3345 743 3413 urimo
767 3344 1033 3416 Hemstethustum
1057 3343 1169 3440 fuisse

202 3457 325 3548 putas?
377 3463 427 3530 Ita
451 3462 661 3530 conturbatus
675 3462 739 3548 est,
768 3463 812 3530 ita
829 3461 1029 3548 sibimetipse
1043 3461 1151 3547 displi-

1057 3580 1154 3668 cuit,

242 3742 309 3824 (*)
330 3747 387 3808 Har
408 3753 514 3820 literae,
544 3749 578 3807 ab
596 3749 783 3813 Hemsterhuiii
800 3755 857 3812 filio
873 3755 1013 3815 uobiscum
1027 3770 1147 3816 commu·

198 3851 318 3920 ιίαω,
338 3851 401 3911 huic
420 3853 726 3927 ndinomsubjecimat.
1149 3869 1153 3882 ·
