2894 4738
295 423 364 492 en
468 349 1082 484 o'rssnn'rnfrrn

298 617 338 690 p.
363 623 440 690 493.
474 604 636 688 colligas,
666 617 837 687 narrante,
867 600 1019 684 Gorgiam
1042 600 1241 691 Athenienses

297 733 413 786 ‘eontra
428 720 532 786 Persas
550 719 712 800 incitalle,
734 736 765 786 et
783 739 859 802 eos,
884 721 938 802 qui
954 719 985 784 in
1002 720 1244 802 pugnaSalami·

230 915 233 924 Ι
300 836 354 902 nia
377 833 575 932 cecidillene‚
608 837 747 901 oratione
762 835 885 902 funebri
904 834 1069 903 decoralle.
1114 837 1242 908 Accidit

275 933 276 940 ἵ
301 963 404 1015 autem
429 951 482 1014 illa
507 968 613 1034 pugna
630 949 764 1033 Olymp.
779 949 914 1034 Lxuv.
938 971 968 1016 1.
1015 949 1084 1018 Nec
1101 951 1174 1018 inde
1186 954 1241 1020 ali·

300 1085 365 1150 qua
379 1041 553 1133 diliicultasx
562 1067 682 1149 oritur,
707 1067 799 1148 quoe
809 1065 973 1132 abeodem
994 1068 1237 1155 SuideGorgias

191 1157 194 1166 ¹
298 1182 415 1250 dicitur
431 1181 569 1270 mrgister
587 1185 754 1266 Isocratis3
780 1185 835 1268 qui
854 1185 1038 1269 olympiad.
1058 1188 1236 1266 LXXXVI.

197 1309 208 1330 ‘
300 1299 689 1376 1.demumnatuaest.
745 1301 848 1367 Facile
866 1299 947 1366 enim
965 1303 1067 1366 omnis
1081 1303 1237 1372 dubitatio

295 1422 438 1497 tollitur,
471 1419 495 1486 sa
521 1420 561 1485 ad
576 1418 777 1504 longisfimam
795 1415 934 1502 Gorgiae
953 1435 1101 1501 aetatem,
1126 1420 1165 1484 od
1182 1441 1236 1486 an·

200 1582 204 1588 ι
294 1557 372 1604 num
396 1557 497 1620 usque
518 1537 606 1603 CIX.
630 1535 831 1618 provocem,
861 1531 999 1598 animum
1023 1534 1233 1599 attendamus.
1304 1556 1308 1564 ·

294 1653 396 1720 Immo
411 1653 467 1717 sub
481 1652 627 1736 puerilem
644 1665 772 1724 aetatem
789 1649 931 1724 isocratis
948 1648 1080 1714 maxime
1094 1650 1126 1714 in
1136 1650 1235 1718 Grae-

295 1769 345 1850 cia
364 1769 472 1836 floruit
496 1771 648 1854 Gorgias.
703 1771 813 1852 ltaque
843 1767 1004 1837 Eusebius
1025 1775 1061 1833 in
1078 1769 1235 1835 Chronico

292 1880 380 1953 illum
404 1887 496 1954 refert
521 1887 560 1952 ad
577 1887 708 1970 Olyrnp.
728 1886 906 1954 LXXXVI.
930 1903 993 1950 non
1012 1885 1127 1950 annum
1147 1899 1235 1950 nata·

291 2003 555 2089 lem'defignons‚
589 2005 640 2071 sed
663 2021 810 2088 tempus,
835 2023 901 2088 quo
918 2005 1070 2088 inprimis
1088 2006 1156 2090 ejus
1175 2024 1233 2072 no·

291 2140 363 2188 naen
389 2107 576 2186 celebratum
594 2120 651 2188 ln.
704 2123 756 2187 Ex
779 2122 828 2186 his
844 2121 1155 2204 breviterdisputatls
1174 2141 1231 2188 co·

292 2253 361 2319 gere
384 2233 477 2313 licet,
507 2232 681 2314 Gorgiam,
712 2232 791 2298 sicut
819 2233 939 2299 Plinius
966 2233 1064 2315 dicit,
1092 2233 1232 2318 jamiio·

290 2345 602 2430 ruisseolynpiade
630 2347 734 2416 LXX.
772 2365 866 2430 atque
895 2347 971 2412 adeo
996 2349 1227 2431 Antiphontem

290 2463 412 2548 Gorgia
439 2464 528 2532 soille
555 2464 723 2548 juniorem.
776 2465 869 2531 Forte
892 2483 950 2530 nee
976 2465 1111 2530 alienum
1138 2467 1232 2537 fuerit

291 2579 444 2664 statuere,
468 2581 697 2664 Antiphontem
714 2583 863 2653 audiville
880 2585 1032 2673 Gorgiam
1051 2583 1228 2670 doceuram',

289 2698 342 2770 uel
359 2697 485 2780 publice
499 2697 719 2782 disputantem.
764 2699 826 2766 Sed
842 2701 926 2782 hoc,
943 2701 1118 2768 tacentibus
1130 2701 1229 2767 'hillo-

289 2812 362 2882 ricis
379 2813 540 2896 antiquis,
563 2813 596 2878 in
612 2812 716 2879 medio
730 2813 947 2896 relinquimus.
975 2838 978 2851 ¹
1227 2864 1237 2905 r·

331 2933 536 3043 Philostrarus
554 2935 594 3002 dc
612 2935 699 3003 Vitis
717 2937 850 3024 Sophist.
869 2937 890 3008 l.
910 2954 946 3024 p.
963 2938 1040 3025 489.
1064 2953 1095 3002 et
1107 2937 1227 3004 Plutar-

287 3049 368 3118 chus
384 3053 408 3118 l.
429 3076 459 3126 c,
503 3054 755 3138 Antiphontem,
779 3055 925 3137 tradunt,
950 3056 1026 3122 bene
1039 3053 1161 3120 dicendi
1180 3073 1228 3119 ar·

286 3179 318 3232 te
330 3165 487 3234 imbutum
503 3170 562 3238 elie
577 3189 595 3235 a
610 3187 697 3254 patre
713 3171 867 3258 Soplrilo‚
892 3174 946 3254 qui
962 3192 1025 3237 non
1043 3171 1139 3234 modo
1156 3169 1225 3236 rhe-
1245 3201 1248 3206 ·

285 3289 417 3352 tonicam
432 3286 570 3354 scholam
585 3290 755 3373 aperuerit,
779 3290 830 3355 sed
852 3289 944 3362 etiarn
960 3291 1063 3372 plures
1077 3280 1225 3354 illustrio·
1308 3328 1312 3338 ,

284 3401 328 3468 ris
345 3403 410 3470 loci
422 3404 575 3488 juvenes,
597 3405 630 3472 in
645 3406 692 3485 his
707 3405 925 3488 Alcibiadem,
941 3371 1119 3473 erufiiverit.
1160 3404 1224 3472 Sed

284 3520 396 3586 hocin
414 3521 546 3604 dubium
560 3539 656 3589 vocat
670 3523 942 3594 Proellanriffimus
953 3524 1111 3608 Taylorus
1130 3524 1220 3594 Leni.
1238 3525 1251 3543 *

283 3634 411 3730 Lystac.
421 3639 459 3705 C.
471 3638 547 3706 Vll.
558 3639 644 3725 quod
653 3641 723 3707 latis
734 3641 856 3708 aliunde
866 3640 984 3710 constet
995 3695 1003 3720 .,,
1015 3641 1124 3715 ludum
1134 3643 1223 3710 Rhe·

283 3749 398 3816 torices
422 3755 523 3818 multo
546 3754 639 3822 serius
666 3737 799 3822 lenens
814 3755 872 3822 elie
887 3757 1077 3824 institutum.
1107 3757 1221 3824 >Certe

282 3866 397 3939 Cicero
416 3869 520 3940 Bruta
542 3875 581 3942 C·
604 3892 656 3953 ιε.
680 3874 832 3965 Lystam,
855 3874 984 3958 scribit,
1011 3879 1121 3962 primo
1141 3889 1219 3958 pro·

967 4117 982 4174 l
