2894 4738
137 359 150 395 l

198 462 201 470 .
307 410 370 517 ιι
440 393 959 536 nrsssnrnrro
1024 401 1110 474 nu

315 606 380 659 erat
402 587 599 658 limulacrum
628 587 691 654 five
715 589 798 672 Dei,
821 588 884 656 stre
901 589 1027 672 herois,
1050 587 1113 656 five
1128 583 1256 657 virtum

316 708 472 793 alicuius,
486 707 539 772 vel
556 703 695 770 animalis
709 706 872 788 rporopir,
889 707 939 771 vel
955 705 1175 790 cuiuscunque
1189 719 1261 772 tan·

320 823 392 889 dem
406 821 449 888 rei
463 821 589 906 imago,
611 820 643 886 in
659 839 751 903 prora
762 821 883 904 semper
898 819 1087 902 constituta,
1104 821 1187 887 unde
1204 836 1261 886 na·

319 938 370 1007 via
396 956 511 1004 nomen
528 935 715 1018 accipiebat.
784 1013 791 1024 ἱ

366 1053 416 1122 De
439 1051 603 1134 utriusque
619 1095 639 1130 ,2
654 1031 729 1117 cum
746 1048 932 1132 cognatione
939 1095 954 1130 ,
977 1063 1045 1114 tum
1061 1047 1262 1131 discrimine,

321 1146 658 1250 tum'etiem‘propria
679 1164 712 1230 in
745 1163 818 1230 navi
842 1161 971 1230 statione
994 1163 1164 1244 dimotus,
1196 1183 1264 1230 nou

325 1279 460 1349 alienum
484 1280 524 1347 ab
542 1279 683 1366 instituto
703 1278 854 1372 arbitror,
869 1278 1031 1374 ¹quaedam
1045 1278 1261 1363 praemittere,

326 1403 406 1480 qua'e
441 1398 614 1481 pertineant
639 1394 680 1460 ad
703 1394 747 1460 rei
772 1393 922 1478 originem
948 1395 1056 1478 paullo
1081 1393 1194 1462 clarius
1218 1393 1266 1460 ob

324 1515 438 1581 oculos
453 1511 642 1596 ponendam.

369 1624 554 1693 Tutelarnm
580 1624 669 1708 origo
695 1622 756 1688 line
770 1619 868 1722 dubio
887 1605 930 1688 est
944 1622 1110 1707 repetenda
1124 1641 1162 1691 ex
1178 1642 1267 1690 more

325 1736 403 1822 illo,
435 1740 490 1822 qui
513 1758 551 1806 ne
573 1757 657 1804 nunc
683 1727 839 1820 quidem,
854 1738 886 1802 in
901 1753 989 1803 tanta
1005 1739 1144 1811 veritatis
1166 1740 1266 1820 luce,

325 1855 417 1940 plane
445 1853 605 1935 exolevit,
636 1853 742 1918 omnia
765 1852 949 1919 numinibus
976 1853 1163 1936 quibusdam
1180 1852 1268 1920 dedi·

327 1969 434 2038 candi.
479 1969 636 2036 Credebat
655 1967 772 2034 scilicet
790 1987 870 2034 vana
887 1969 1065 2034 mortalium
1081 1967 1268 2052 superstitio,

193 2107 215 2169 g
326 2083 413 2152 Deos
432 2103 479 2150 res
499 2103 572 2166 eas,
597 2083 715 2165 quibus
734 2081 828 2148 ellent
847 2079 1036 2166 praeposui,
1051 2085 1152 2149 multo
1168 2083 1270 2152 inten-

326 2197 411 2274 tiori,
423 2212 507 2271 eura
522 2197 714 2286 conservare,
762 2197 816 2267 stc
833 2195 1057 2280 imperiumne,
1081 2199 1269 2282 regionum,

325 2311 480 2392 rubium,
508 2309 653 2394 aedium,
684 2310 806 2386 uarum
833 2312 1045 2404 etseiuomodi
1070 2329 1172 2388 rerum
1187 2327 1271 2390 tute·

326 2428 409 2506 lae,
429 2439 466 2493 ut
488 2424 527 2493 de
541 2427 667 2510 templis
683 2426 931 2512 hominibusque
947 2429 1089 2504 Deorum
1103 2429 1205 2499 cultui
1214 2423 1272 2494 'di-

327 2540 407 2618 catis
438 2553 580 2621 taceam,
621 2541 728 2625 pallim
760 2541 845 2627 apud
878 2559 1002 2616 ueteres
1017 2525 1194 2618 melotes
1183 2563 1271 2614 mre-

270 2715 274 2723 ι
365 2670 471 2732 untur
519 2683 523 2721 ε
649 2685 655 2698 ·

307 2657 485 2854 ,na-itaque
509 2788 583 2839 curu
608 2771 684 2844 hoec
708 2769 902 2844 consuetudo
917 2723 1071 2846 omuibus
1067 2791 1177 2858 prope
1193 2793 1270 2858 gen·

329 2886 418 2982 tibus
442 2885 623 2964 communis
643 2869 703 2966 effe
724 2887 889 2970 videattn,
909 2887 998 2964 nibil
1019 2887 1067 2963 eil
1079 2889 1173 2970 quod
1181 2891 1273 2962 mire·

331 3021 427 3086 nur,
449 3001 583 3070 linares
598 3002 713 3088 etiam,
735 3004 854 3071 incerto
871 3003 947 3070 mari
938 3003 1146 3108 Jattondae,
1161 3005 1274 3070 tantis·

332 3137 400 3210 que
419 3117 572 3185 obnoxiae
587 3119 818 3228 tempestatibus
831 3134 862 3187 et
876 3120 1050 3210 periculis,
1067 3119 1100 3185 in
1113 3119 1175 3186 Dei
1189 3133 1273 3186 tute·

331 3219 405 3301 iaris
420 3232 523 3300 iidem
531 3239 625 3318 atque
641 3217 812 3332 clientelam
829 3232 1045 3320 conceilb'rint.

340 3335 438 3420 Ει
447 3348 595 3420 convenit
616 3351 759 3434 credere,
783 3341 1002 3439 antiquillimis
1015 3325 1212 3434 temporibus
1229 3347 1275 3418 rei

336 3459 458 3558 ¹navalis
479 3483 609 3548 mnam,
632 3445 697 3532 non
715 3466 772 3534 nili
786 3466 857 3534 Diis
877 3446 1003 3532 m'arinis
1021 3461 1110 3530 fuiffe
1125 3463 1275 3530 commis·

335 3549 424 3672 iam.
434 3579 551 3664 Nam
574 3561 691 3666 quibus
717 3582 825 3678 potius
849 3583 878 3650 se
890 3581 1024 3669 suaque
1044 3584 1152 3648 omnia
1168 3579 1275 3646 crede

337 3705 407 3773 rent
433 3692 617 3776 homines
608 3717 641 3764 ιιι
662 3699 759 3766 altum
783 3695 952 3778 evehendi,
982 3713 1077 3782 quam
1101 3693 1278 3778 Neptuno,

339 3803 556 3896 Nereidibus,
584 3811 768 3901 Tritoni,
758 3811 962 3902 mptimuque
986 3809 1278 3898 illienavigantiuut

1216 3921 1280 3992 ler-
