2874 4738
303 459 370 546 μό,
471 441 1068 522 nrssrnrnnrto

301 631 441 726 loibphir
463 635 673 718 anteferebat,
701 653 767 702 non
793 653 895 706 tamen
909 625 1045 706 ‘idcirco
1059 635 1243 706 existiman·

300 751 362 822 dua
385 752 452 835 est,
482 745 722 836 philosophandi
749 753 922 836 rationem,
953 773 1047 838 quam
1067 754 1111 819 illi
1127 754 1235 836 seque·

300 883 429 950 motor,
458 885 514 960 per
531 868 636 936 omnia
658 868 820 952 prohaffe3
844 869 1015 952 praesertim
1033 887 1107 935 cum
1122 867 1237 935 dilien·

300 983 417 1052 houm
441 983 527 1049 suant
554 1001 572 1048 a
599 983 704 1048 multis
731 983 935 1066 Plotinianis‚
967 999 1041 1066 aut,
1071 983 1095 1050 ii
1124 983 1234 1065 malis,

299 1097 517 1167 Ammoniarrie
542 1099 675 1165 decretis
700 1111 803 1182 aperte
818 1117 889 1181 prae
905 1099 934 1164 se
947 1097 1030 1165 'ferat
1045 1099 1077 1164 in
1093 1097 1236 1180 Epistola

299 1215 556 1298 'edPorphyrium
567 1259 579 1294 ,
591 1232 684 1296 quam
697 1213 746 1279 ille
756 1213 881 1280 inseruit
893 1213 1004 1282 Plotini
1018 1215 1146 1298 Vitaep.
1162 1231 1236 1298 res.

299 1329 782 1416 Longinum-ignoretopornt,
806 1329 930 1410 quitali
950 1329 1073 1412 ingenio
1089 1321 1236 1412 placuiffe

245 1487 248 1496 ,
300 1445 407 1513 credat
424 1445 534 1511 durtm
548 1460 580 1511 et
597 1458 771 1510 contortam
783 1444 1066 1528 philosophorum,
1089 1444 1145 1527 qui
1159 1461 1237 1508 con-

300 1561 399 1627 ciliani
431 1563 571 1640 nollent,
591 1550 593 1560 '
610 1559 882 1642 conciliationem,
914 1558 1053 1626 insanum
1077 1558 1234 1642 allegorici

300 1676 364 1742 stne
386 1675 554 1744 secretioris
581 1673 683 1742 senius
706 1673 872 1757 quaerendi
898 1675 1053 1750 studium.
1085 1673 1232 1758 mythicen

199 1851 218 1876 f,
300 1789 529 1873 disputationes
546 1788 583 1854 de
601 1791 689 1873 Deo,
712 1789 890 1871 divinisque
907 1775 1187 1870 emanationibus„
1202 1803 1235 1854 et

204 1878 222 2002 ξ)
300 1905 530 1988 daemonibus,
562 1905 680 1990 quibus
708 1923 817 1971 omnes
833 1905 957 1972 illorum
970 1903 1041 1971 libri
1057 1903 1126 1970 sunt
1143 1903 1237 1970 refer.

301 2021 347 2106 ti,
369 2021 430 2088 alia
448 2020 582 2104 denique
602 2021 725 2102 multa,
748 2020 799 2086 hic
816 2040 881 2087 non
895 2020 1096 2106 attingenda,
1119 2019 1239 2104 quibus

299 2153 369 2206 tum
384 2155 468 2205 'vera
489 2154 521 2202 et
544 2135 659 2202 sincera
684 2137 823 2202 Platonis
845 2137 1042 2222 philosophia
1057 2135 1187 2203 foedum
1203 2135 1237 2202 in

248 2224 255 2374 Ι
300 2251 433 2320 modum
451 2249 693 2318 adulterabatur.
738 2251 815 2316 Non
831 2251 881 2317 ille
897 2249 1062 2318 eturhidis
1081 2253 1235 2317 recentio-

298 2388 369 2434 rum
385 2366 619 2434 Platonicorum
633 2359 794 2432 hauriebat
809 2367 942 2449 rivulis,
955 2365 1005 2433 sed
1021 2365 1160 2450 liquidos
1177 2385 1238 2452 pu·

299 2500 418 2582 rosque
441 2481 642 2565 antiquorum
671 2482 953 2566 philosophorum,
986 2481 1118 2549 maxime
1133 2477 1239 2549 Plato·

299 2597 372 2680 nin,
396 2597 500 2666 fontes
516 2596 738 2664 confeciandos
755 2597 901 2681 putabat.
946 2597 1022 2684 Quo
1038 2599 1164 2666 nomine
1181 2607 1239 2686 φν-

297 2723 450 2800 ννιρχνιῖνς
471 2711 619 2812 veriffime
637 2714 810 2794 appellatus
825 2713 870 2778 est
887 2732 902 2776 a
919 2711 1096 2797 Porphyrio
1110 2714 1142 2780 in
1164 2715 1238 2780 Vita

299 2829 415 2898 Plotini
437 2850 471 2913 p.
487 2831 558 2896 116.
583 2807 823 2909 dvoeivnottme
839 2831 870 2898 ll
884 2826 969 2916 νῦνῷ
984 2835 1037 2898 roit'
1054 2855 1089 2899 rr
1104 2830 1168 2914 ned
1184 2833 1241 2912 dp·

299 2953 367 3031 χῶν
384 2948 561 3026 Λογγῖνον,
583 2946 634 3012 καὶ
654 2951 706 3013 τοῦ
727 2947 926 3028 Φνλννρχνίνν.
952 2945 1038 3028 quod
1054 2945 1180 3012 licinus
1196 2945 1256 3010 ita-

299 3062 409 3128 vertit:
433 3060 544 3145 Quum
567 3059 650 3126 liber
669 3045 812 3146 'Longini
828 3074 858 3124 et
873 3059 1072 3154 Phylarcho}
1089 3061 1239 3128 dePrin·

226 3196 230 3206 “
297 3179 391 3263 eipiis
405 3175 498 3240 ledus
517 3173 601 3258 effer.
645 3174 706 3240 Sed
723 3174 775 3240 oui
792 3177 840 3240 vel
856 3173 952 3241 fando
968 3175 1092 3242 auditus
1107 3175 1152 3240 est
1167 3175 1240 3258 phi·

297 3289 448 3372 losophur
474 3289 723 3372 Phylarchus?
752 3291 861 3356 Paullo
878 3289 1058 3373 prudentius
1074 3288 1238 3373 Langbae·

297 3403 371 3474 nius
389 3404 419 3468 in
438 3403 512 3468 Vita
530 3395 687 3488 Longini,
711 3421 740 3470 et
758 3405 860 3474 Vales.
878 3405 916 3472 de
926 3405 1043 3472 Critica
1057 3407 1084 3473 Ι.
1105 3413 1161 3472 12.
1183 3415 1240 3494 pp·

297 3529 450 3614 ννιρχνῖος
481 3518 550 3584 libri
573 3519 706 3587 indicem
731 3519 799 3588 else-
814 3525 1025 3607 conjecerunt.
1078 3521 1140 3618 Sed
1163 3523 1241 3593 Por·

296 3633 399 3718 phyrii
421 3633 514 3700 verba
535 3651 682 3718 corrupta
700 3636 794 3718 sunt,
819 3637 935 3720 quibus
951 3636 1043 3704 facile
1057 3637 1098 3704 stc
1118 3639 1240 3705 medea·
1360 3717 1366 3732 ι

299 3767 352 3814 re:
385 3750 627 3829 ἀναγνωσθέντος
652 3753 684 3820 lt
704 3758 786 3838 αὐτῷ
804 3761 856 3824 νοῦ
873 3755 938 3838 περὶ
952 3759 1051 3840 ἀρχῶν
1068 3757 1243 3836 Λογγῖνον,

210 3899 212 3910 ·
296 3869 349 3944 τοῦ
369 3869 571 3950 φιλαρχαίου,
592 3869 624 3932 lu
642 3865 705 3954 est,
727 3889 800 3936 eum
815 3874 845 3935 ee·
859 3867 955 3938 ledus
972 3869 1044 3956 effer
1058 3871 1140 3940 liber
1148 3872 1240 3940 Lon·

1185 3975 1241 4079 ei·
