2910 4728
298 369 329 443 'd
540 373 1016 450 ELOGIUM
1121 467 1195 566 ν

140 623 152 656 Ι]
281 586 283 594 ’
310 571 403 627 acute
417 556 565 626 sentiendi
579 556 756 632 &feliciter
771 563 933 634 divinandi
949 565 1111 636 facultate.
1137 561 1246 645 taliter

309 675 407 761 igitur
420 675 590 742 Poetarum
606 676 793 746 Latinorum
814 679 978 768 sospitator
993 683 1096 751 didius
1114 681 1182 768 est,
1204 687 1250 753 al·

312 805 360 858 ter
375 809 438 857 non
455 792 561 876 potuit
577 793 610 858 in
627 807 731 862 tantae
748 795 864 880 gloriae
880 796 1057 866 societatem
1076 799 1192 873 venire.

355 907 444 972 Haec
461 925 535 974 vero
553 905 667 976 Critici
681 913 823 977 materies
843 911 1030 996 indolesque
1044 914 1077 980 in
1093 913 1252 983 Hemster·

310 1020 402 1093 nuno
417 1037 503 1088 tanta
518 1022 601 1105 suit,
624 1039 660 1090 ut
677 1041 808 1108 natura,
833 1026 911 1110 quid
928 1027 961 1094 in
977 1029 1030 1094 tali
1048 1029 1173 1114 ingenio
1190 1029 1251 1098 fin·

307 1138 411 1224 gendo
436 1137 557 1222 posset,
590 1138 623 1204 in
643 1157 682 1206 eo
707 1139 898 1223 potillimum
922 1159 1047 1227 experta
1070 1143 1129 1214 esse
1145 1143 1252 1211 videa·

309 1267 376 1321 tur.
430 1252 549 1322 Omnes
575 1254 607 1320 in
630 1253 685 1322 illo
706 1258 799 1322 talem
819 1259 984 1325 oculorum
1003 1261 1122 1342 aciem,
1146 1261 1249 1344 qualia

309 1369 459 1456 lyncibus
486 1368 517 1434 u
539 1370 653 1454 aquilis
675 1372 774 1440 tribui
799 1373 898 1456 solet,
928 1374 1132 1446 mirabantur.
1186 1371 1252 1442 Sed

309 1485 454 1573 profecto
480 1489 593 1553 mentis
620 1487 701 1554 aclea
727 1487 829 1554 multo
845 1488 984 1558 miranda
1001 1489 1112 1576 magis.
1158 1490 1251 1558 Nihil

311 1615 377 1670 tam
400 1602 542 1669 abditum
565 1595 651 1686 dtat,
684 1615 748 1668 tam
771 1603 848 1670 nihil
869 1604 1043 1690 retrusum,
1075 1605 1163 1691 quod
1180 1607 1251 1692 ejus

309 1733 444 1786 acumen
476 1716 606 1785 falleret.
667 1709 758 1786 Nihil
792 1733 857 1784 tam
886 1718 1062 1803 depofitum
1088 1741 1125 1788 ac
1151 1739 1253 1806 prope

312 1837 568 1914 conclamatum,
605 1833 660 1899 cui
682 1853 748 1899 non
769 1832 865 1899 vitam
890 1831 1071 1902 &salutem
1096 1837 1251 1906 redderet.

311 1949 403 2018 Nihil
431 1965 495 2016 tam
518 1946 682 2015 artificiose
696 1946 898 2029 simulatum,
922 1949 1000 2030 quin
1015 1949 1157 2020 staudm
1173 1952 1255 2019 faci·

310 2067 341 2136 le
362 2065 507 2148 sentiret,
539 2061 570 2129 dt
596 2061 721 2130 indiciis
746 2053 808 2128 suis
825 2079 954 2128 teneret.
1000 2063 1091 2130 Talis
1104 2081 1168 2132 tam
1184 2065 1255 2132 feli·

168 2203 172 2210 ’
289 2241 291 2253 ,
310 2182 359 2248 cis
373 2180 509 2247 Criticea
525 2175 640 2243 illustre
656 2176 881 2242 documentum
899 2175 985 2242 dedit
1000 2175 1033 2241 in
1041 2179 1251 2262 Xenophonte
1285 2250 1290 2256 ,

307 2294 460 2381 Ephesio.
506 2289 569 2358 Hic
585 2289 737 2374 scriptor,
760 2305 858 2360 aetate
872 2289 999 2356 demum
1016 2287 1143 2374 nostra,
1167 2311 1254 2362 men-

307 2410 381 2478 dose
403 2408 636 2493 &negligenter
649 2405 754 2472 editus
771 2405 804 2471 in
820 2405 908 2473 Italia
926 2453 939 2490 ,
962 2406 1069 2474 nativa
1082 2406 1137 2473 sua
1153 2427 1251 2476 uenu-

304 2525 382 2596 state
403 2521 670 2591 Hemilerhufium
693 2520 859 2606 invitarat,
893 2536 929 2589 ut
953 2541 1018 2589 non
1045 2521 1144 2590 solum
1168 2538 1251 2607 quae

306 2639 386 2726 quid
410 2637 478 2707 vitii
497 2635 673 2732 traxissent,
703 2636 900 2719 emendaret,
924 2636 976 2704 sed
994 2636 1134 2721 plurium
1152 2639 1247 2708 etiam

303 2736 473 2828 verborum
507 2739 636 2820 lacunas
669 2751 708 2818 de
740 2752 922 2839 conjectura
952 2751 1119 2836 suppleret.
1171 2755 1247 2824 Poll

302 2872 478 2944 Dorvilliut
496 2868 542 2938 V.
570 2869 614 2936 C.
639 2866 773 2935 eundem
794 2867 974 2953 scriptorem
993 2866 1105 2936 iterum
1121 2869 1162 2936 ad
1177 2871 1248 2938 Co·
1332 2935 1335 2944 ,
1438 2883 1439 2898 ’

302 2987 406 3057 dicem
429 2985 503 3058 MS.
518 2983 602 3070 exigi
616 2983 713 3070 julllt.
756 2984 845 3072 Quid
860 2981 1008 3070 quaeris?
1052 2983 1171 3050 Nullus
1187 3003 1248 3050 un·
1337 2985 1341 2994 '

305 3122 401 3188 quam
428 3116 516 3170 vater
530 3097 769 3196 ¹Hemsterbniio
786 3117 927 3186 repertus
942 3098 986 3167 est
1003 3098 1117 3165 verior.
1161 3099 1248 3168 Nam

300 3233 394 3288 vetus
417 3216 519 3286 codex
540 3216 687 3284 lectiones
704 3216 737 3284 uc
752 3215 935 3308 lacunarum
951 3214 1163 3298 supplementa
1177 3211 1244 3297 lic,

243 3367 245 3370 ·
299 3349 339 3404 ut
358 3335 409 3402 ille
431 3329 602 3403 donando
625 3329 818 3415 restituerat,
846 3327 1003 3417 plerisque
1026 3328 1107 3396 locis
1121 3347 1246 3414 reprae-

301 3449 454 3521 sentabat.
975 3537 978 3542 Ι

347 3561 416 3632 Etli
443 3580 519 3632 vero
543 3579 746 3650 prnagnum
770 3559 892 3630 critico
923 3557 1109 3644 praesidium
1142 3558 1244 3631 estin

299 3678 413 3748 mentia
438 3679 471 3746 vi
492 3675 526 3748 dt
550 3679 704 3762 sollertia,
727 3697 819 3745 nemo
838 3691 941 3744 tamen
960 3675 1065 3743 omnia
1082 3657 1167 3742 ineo
1184 3697 1246 3761 po·

298 3789 357 3868 titt
387 3807 491 3881 putet.
549 3792 811 3881 comparandum
833 3791 877 3862 est
905 3794 1034 3866 alterum
1059 3795 1246 3866 instrumen-

1152 3922 1246 3996 tum,
