2874 4738
320 405 381 488 234
450 365 1122 480 ,otss'ennnuto
1246 435 1252 446 x

314 583 386 672 post
419 589 607 655 incusentetn
640 587 927 659 demonſtrationem
963 592 1084 660 Ernesti
1119 594 1162 662 V.
1198 579 1246 666 C.

315 703 440 786 Opuse.
454 703 568 771 Philol.
591 721 624 786 p.
633 709 709 780 408.
754 706 846 770 Unde
862 707 956 790 igitur
970 704 1026 772 ista
1043 711 1179 776 manauit
1195 711 1245 777 fas

206 811 221 836 ²
312 817 411 884 btuat
440 817 561 899 Nempe
586 818 625 884 ab
649 819 850 886 immoderata
871 835 902 886 et
921 820 1045 889 minime
1063 824 1242 892 Christiane

311 931 513 997 meledicendi
542 932 685 1015 licentia,
716 949 810 1016 quatu
834 935 916 1000 iliius
942 935 1049 1000 aetatis
1071 927 1239 1014 orthodoxi

310 1043 368 1112 stbi
393 1047 425 1110 in
442 1045 598 1128 quoslibet
615 1067 632 1113 a
649 1048 677 1114 se
694 1047 896 1116 dissentientes
913 1048 1083 1116 sumebant.
1127 1049 1236 1114 Accua
1290 1055 1295 1062 '

307 1160 391 1226 satus
413 1175 476 1226 erat
499 1160 615 1227 Paulus
638 1162 854 1230 samosatenus
874 1177 947 1229 cum
965 1163 1007 1227 ob
1023 1161 1097 1228 alias
1114 1162 1239 1246 opinio·

306 1291 384 1357 nes,
416 1293 493 1358 quas
509 1273 617 1340 referte
632 1261 762 1359 songutu
777 1275 840 1359 esi,
862 1292 893 1342 et
905 1274 989 1342 haud
1004 1274 1224 1356 necessatium,

307 1404 375 1458 mot
400 1390 447 1455 'ob
466 1389 622 1474 Judaiatni
644 1389 867 1473 suspicionem
899 1409 973 1456 mox
995 1390 1086 1457 ctiam
1109 1390 1239 1457 Patroni

306 1501 431 1572 decreto
453 1503 648 1588 Episcopatu
673 1503 874 1570 Antiocheno
889 1503 1041 1589 dejeciua.
1085 1503 1181 1570 Hunc
1195 1505 1239 1570 ab

305 1617 480 1686 advetsariie
495 1619 686 1684 vehementer
698 1619 887 1702 exagitatum
901 1637 972 1684 cun
983 1617 1142 1700 Zenobia,
1165 1637 1248 1692 mur

246 1815 253 1824 ἱ
304 1730 359 1800 siet
382 1732 587 1816 philosopha,
617 1733 695 1798 etin
712 1733 857 1816 religione
873 1732 989 1798 diversa
1008 1733 1167 1798 sentientes
1187 1731 1236 1798 fa·

304 1851 363 1916 eise
386 1847 511 1943 ferens,
539 1846 689 1912 tuendum
703 1845 899 1930 suscepisset,
922 1843 1122 1928 orthodoxi,
1144 1845 1260 1912 doto-1

287 1980 387 2046 nent,
417 1971 511 2045 quem
535 1961 606 2026 inde
629 1977 795 2044 ceperant,
826 1961 1024 2040 ulciscentes,
1056 1979 1119 2025 non
1136 1960 1236 2028 ntodo

300 2079 434 2146 Paolum
453 2074 682 2142 Samosatenunt
700 2074 740 2140 ad
757 2074 974 2159 sacraJudaiea
991 2073 1162 2156 ttansiiffe,
1182 2073 1236 2140 sed

301 2195 371 2279 ejus
394 2193 485 2257 etiam
509 2204 672 2273 patronam
687 2187 836 2272 Judaeum
859 2188 940 2270 csse,
963 2189 1019 2255 suo
1035 2190 1103 2273 jure
1120 2191 1235 2254 clama·

299 2303 385 2376 ¹runt.
431 2303 568 2372 Fuetunt
592 2302 903 2391 inttntecentioree,
934 2303 1008 2386 qui,
1032 2277 1067 2368 ast
1085 2321 1170 2368 error
1185 2322 1233 2372 er·

301 2433 402 2490 rotem
421 2435 527 2502 patere
545 2417 642 2500 soiet,
673 2417 808 2501 Moysen
824 2399 850 2482 a*
863 2417 1010 2502 Longino
1026 2417 1058 2482 in
1076 2416 1241 2484 Zenobiae·

301 2536 429 2621 gratiam
445 2531 606 2598 laudatum
624 2531 842 2598 existimarent.
876 2533 1020 2619 Quorum
1037 2531 1146 2616 opinio
1162 2547 1234 2596 tutu

301 2651 370 2718 aliis
386 2650 424 2714 de
439 2644 548 2713 causis
564 2663 674 2728 panum
689 2645 860 2728 probabilis
877 2643 941 2726 est,
957 2661 1024 2712 tum
1044 2644 1130 2727 quod
1145 2645 1234 2712 Lon«

300 2759 393 2852 ginon
416 2763 529 2828 librum
555 2761 622 2844 ent
644 2759 763 2844 ipone,
792 2774 823 2825 et
852 2759 969 2841 reiiqua
983 2777 1084 2844 ¹opera
1105 2760 1234 2842 omnia,-

293 2899 366 2950 ,uno
381 2877 507 2959 libello,
531 2893 622 2958 quem
639 2873 842 2944 deOdenathi
854 2873 1000 2941 laudibus
1017 2875 1152 2958 scripit,
1174 2881 1232 2950 exj

301 3009 416 3080 copto,
439 2991 593 3071 Athenis,-
615 3003 781 3073 antequam
798 2989 831 3054 in
850 2989 1005 3056 Zenobiae
1021 2989 1236 3054 notitiamv&

261 3105 265 3128 ¹
298 3107 411 3192 niffen,
440 3105 565 3172 edidisse
583 3103 718 3170 videtur.
763 3103 846 3168 Natu
866 3103 1023 3188 Palmyrae
1036 3104 1121 3178 nulia
1134 3102 1230 3168 libro·

299 3247 371 3296 rum
385 3221 573 3291 edendorum
582 3217 714 3286 facultas
725 3215 877 3301 dabatur,
897 3215 1131 3297 deficientibus,
1149 3235 1233 3306 quo·¹

298 3355 368 3408 r'utn
383 3355 477 3406 manu
493 3349 651 3413 uteretur,
673 3331 826 3414 librariis,
851 3343 887 3398 ut
904 3334 1017 3417 ipsein
1036 3334 1100 3416 Ep.
1113 3331 1234 3397 adPon·
1272 3387 1278 3406 ,

299 3459 394 3541 phyt.
424 3473 460 3537 p.
490 3469 563 3532 ¹24·
596 3446 746 3530 queritur.
802 3446 854 3546 Νι
869 3448 970 3514 otium
987 3447 1109 3528 quidem
1127 3445 1167 3511 ad
1183 3459 1234 3511 ta*

299 3575 359 3642 lem
377 3567 575 3651 scriptionem
594 3564 633 3627 ab
650 3563 718 3626 aliis
737 3563 830 3628 rebus
845 3578 924 3629 erat.
946 3561 1078 3627 Venerat
1092 3560 1141 3626 ille
1162 3559 1233 3640 quia

298 3685 369 3752 dem
395 3683 430 3748 in
456 3681 558 3766 aolam
583 3672 816 3758 Palmyrenam
846 3689 883 3740 ut
908 3677 1078 3742 Zenobiam
1096 3673 1236 3742 Graecis

299 3798 393 3866 licerio
420 3793 567 3861 erudiret.
613 3791 674 3858 Sed
689 3779 762 3860 tuo'x
778 3787 940 3874 Zenobia,
961 3809 1034 3859 cum
1050 3789 1121 3874 ipsa
1133 3791 1233 3874 intpe·¹

1007 3925 1009 3932 ·
1190 3905 1231 3968 rti
