2910 4728
297 392 337 444 ις
429 375 469 438 .:·
534 371 1025 444 nnoc1uu

291 554 379 640 tuit,
402 571 446 626 ut
472 557 611 626 Graecas
627 559 732 626 literas
748 559 781 626 io
799 573 986 645 perpetuum
1002 559 1163 644 repudiare
1181 559 1239 628 lla·

289 685 403 741 uteret.
455 675 548 754 Nec,
578 694 634 760 per
659 675 793 742 mensem
821 693 920 743 unum
944 675 1068 742 &item
1084 677 1237 760 alterum,

290 787 385 856 ausus
408 788 458 856 est·
476 790 660 876 scriptorem
676 792 835 860 Graecum
851 792 1015 876 attingere.
1063 791 1137 856 Hoc
1154 789 1177 858 fi
1194 793 1237 858 al·

288 903 346 970 teri
373 901 541 990 evenisset,
575 927 671 992 quam
695 908 794 974 asiute
817 907 851 972 id
875 903 1107 987 dissimulasset,
1140 917 1238 989 quam

288 1018 466 1088 cautionem
486 1021 519 1088 dr
545 1021 762 1107 diligentiam,
791 1041 830 1090 ne
855 1021 888 1086 in
916 1022 1030 1105 vulgus
1053 1037 1233 1102 emanaret,

187 1201 193 1210 ,
240 1115 242 1124 ‘
287 1132 500 1204 adnisurus
539 1138 585 1207 At
602 1139 676 1230 uu,
701 1137 890 1204 scaritum
910 1137 1089 1204 hominem!
1114 1135 1148 1202 rr
1164 1115 1237 1206 nu·

274 1252 354 1315 'rore
376 1249 561 1335 discipulis,
593 1253 624 1320 dr
652 1253 768 1319 crebris
784 1253 979 1324 sermonibus
997 1253 1143 1335 usurpare
1158 1251 1239 1318 sole·

239 1368 241 1374 ’
287 1363 355 1432 bat.
408 1366 547 1452 Nescio,
580 1368 658 1452 quid
684 1369 736 1434 alii
758 1367 900 1434 sentiant.
959 1367 1043 1434 Mihi
1072 1385 1237 1450 nunquam

286 1480 409 1566 major,
434 1501 529 1578 quam
549 1503 624 1549 cum
641 1485 718 1550 haec
737 1483 775 1548 de
792 1482 821 1548 se
837 1484 969 1567 ingenue
985 1482 1164 1563 fatebatur,
1188 1481 1237 1550 via

286 1593 338 1663 sus
363 1595 406 1662 est
429 1597 692 1668 Hemsterhusius.
736 1599 822 1665 Nam
840 1617 910 1664 acer
929 1599 1024 1664 animi
1044 1597 1165 1664 morsus
1186 1597 1236 1664 irr-

288 1707 394 1795 dicat,
427 1733 510 1797 quos
529 1733 624 1798 quam
642 1717 722 1781 altos
742 1713 891 1781 &veram
910 1713 1040 1796 gloriam
1056 1727 1235 1796 expetentes

286 1826 412 1914 spiritus
436 1831 561 1913 pedore
587 1827 729 1913 gesserit,
761 1827 874 1894 erroris
890 1827 1059 1911 confeffio,
1083 1842 1237 1911 quantam

286 1944 494 2028 maximarum
522 1964 624 2010 rerum
651 1943 802 2012 fiduciam
825 1943 964 2010 haberet.
1016 1943 1235 2027 Eleganter&

285 2078 358 2128 vere
393 2059 503 2127 Celsus
537 2059 575 2126 de
608 2058 698 2127 simili
723 2059 931 2143 Hippocratis
952 2057 1141 2126 confeffione
1169 2061 1232 2134 aits

284 2173 393 2242 Levia
417 2172 576 2260 ingenia,
608 2179 689 2261 quia
715 2173 803 2238 nihil
829 2174 972 2254 habent,
1001 2172 1088 2238 nihil
1103 2173 1235 2256 sibi-do·

285 2289 444 2356 trahunt.
514 2289 643 2374 Magno
680 2290 833 2372 ingenio,
871 2285 1041 2372 inultaquo
1070 2286 1235 2355 nihilomi-

285 2421 348 2468 nus
377 2403 554 2487 habituro,
584 2405 733 2472 conuenit
758 2401 901 2491 simplex·
915 2377 987 2470 ueri
1010 2407 1136 2470 erroris
1158 2423 1234 2470 con·

277 2517 320 2606 fe
350 2540 380 2585 0·
704 2583 707 2599 .

330 2633 414 2702 Mox
429 2645 533 2702 tamen
552 2633 825 2717 Hemsterhusius,
856 2655 929 2703 cum
950 2633 1051 2702 dolori
1067 2635 1235 2704 successu·

284 2748 331 2819 set
348 2749 524 2836 cogitatio,
549 2769 644 2834 quam
658 2749 766 2834 inique
782 2750 810 2816 se
826 2750 1049 2818 adolescentem
1069 2771 1143 2818 eum
1158 2751 1232 2819 Cri-

285 2865 352 2934 tioo
376 2881 545 2950 veterano,
575 2864 751 2949 eodemque
776 2863 1080 2952 omnium-principe
1100 2887 1230 2952 compa·

283 2982 395 3068 miset,
415 2982 447 3050 dt
461 2983 565 3050 secum
580 2979 757 3067 ingratiam
774 2982 884 3067 rediit,
900 2981 1015 3052 &cum
1026 2983 1121 3050 literis
1130 2983 1229 3049 Grae·

285 3098 347 3166 css.
392 3098 438 3168 At
461 3075 654 3183 Bentlejanae
682 3096 903 3166 admonitionis
920 3100 997 3164 haec
1017 3097 1065 3166 vis
1084 3097 1168 3179 suit,
1193 3111 1231 3163 ut

284 3212 371 3299 apud
389 3215 528 3280 animum
547 3211 769 3293 constitueret,
788 3231 853 3278 non
869 3226 939 3301 ante
953 3212 982 3278 se
998 3213 1031 3278 in
1046 3212 1229 3296 huncprae·

200 3405 202 3412 ,
283 3330 414 3415 cipitem
444 3330 553 3396 locum
576 3329 792 3409 committere,
826 3347 921 3412 quam
946 3326 1058 3393 attium
1085 3305 1227 3393 omnium

193 3457 211 3472 ²
284 3446 411 3529 copiam
444 3458 546 3510 mente
568 3441 605 3518 ,dc
629 3443 819 3526 cogitatione
843 3439 1140 3527 comprehendisset,
1173 3441 1233 3530 dt,

286 3558 435 3644 quoniam
459 3558 492 3624 in
515 3557 578 3624 hoc
603 3559 736 3624 maxime
754 3557 1052 3642 reprehendebatur,
1076 3555 1229 3625 Comico·

284 3691 356 3740 rum
375 3673 481 3741 versus
502 3693 567 3739 non
589 3689 659 3740 ante
677 3690 814 3755 tentare,
840 3691 934 3755 quam
953 3669 1039 3738 varia
1057 3685 1227 3743 metrorum

284 3807 417 3878 genera,
449 3789 591 3858 Comitis
618 3788 749 3872 usitata,
771 3787 898 3875 penitus
914 3785 1111 3876 percepisset.
1154 3786 1241 3862 Nec¹

1041 3923 1045 3932 ·
1103 3902 1204 3969 alium·
