<?xml version="1.0" encoding="UTF-8"?>
<!DOCTYPE html PUBLIC "-//W3C//DTD XHTML 1.0 Transitional//EN"
    "http://www.w3.org/TR/xhtml1/DTD/xhtml1-transitional.dtd">
<html xmlns="http://www.w3.org/1999/xhtml" xml:lang="en" lang="en">
 <head>
  <title>
</title>
<meta http-equiv="Content-Type" content="text/html;charset=utf-8" />
  <meta name='ocr-system' content='tesseract 3.04.00' />
  <meta name='ocr-capabilities' content='ocr_page ocr_carea ocr_par ocr_line ocrx_word'/>
</head>
<body>
  <div class='ocr_page' id='page_1' title='image "./davidisruhnkeni00luchgoog_0044.png"; bbox 0 0 2910 4728; ppageno 0'>
   <div class='ocr_carea' id='block_1_1' title="bbox 248 377 1126 476">
    <p class='ocr_par' dir='ltr' id='par_1_1' title="bbox 248 377 1126 476">
     <span class='ocr_line' id='line_1_1' title="bbox 248 377 1126 476; baseline -0.014 -2"><span class='ocrx_word' id='word_1_1' title='bbox 248 395 349 476; x_wconf 56' lang='lat' dir='ltr'>ad*</span> <span class='ocrx_word' id='word_1_2' title='bbox 423 377 998 471; x_wconf 62' lang='lat' dir='ltr'>&#39;ausonium</span> <span class='ocrx_word' id='word_1_3' title='bbox 1110 396 1126 462; x_wconf 64' lang='lat' dir='ltr'><em>J</em></span> 
     </span>
    </p>
   </div>
   <div class='ocr_carea' id='block_1_2' title="bbox 277 579 1293 1367">
    <p class='ocr_par' dir='ltr' id='par_1_2' title="bbox 277 579 1293 1244">
     <span class='ocr_line' id='line_1_2' title="bbox 285 579 1233 671; baseline 0.016 -23"><span class='ocrx_word' id='word_1_4' title='bbox 285 596 422 671; x_wconf 85' lang='lat' dir='ltr'>goopere</span> <span class='ocrx_word' id='word_1_5' title='bbox 446 579 581 649; x_wconf 79' lang='lat' dir='ltr'>critices</span> <span class='ocrx_word' id='word_1_6' title='bbox 604 581 728 650; x_wconf 84' lang='lat' dir='ltr'>laudem</span> <span class='ocrx_word' id='word_1_7' title='bbox 745 579 872 655; x_wconf 87' lang='lat' dir='ltr'>tulisset.</span> <span class='ocrx_word' id='word_1_8' title='bbox 917 588 1001 656; x_wconf 81' lang='lat' dir='ltr'>vero</span> <span class='ocrx_word' id='word_1_9' title='bbox 1015 583 1138 659; x_wconf 77' lang='lat' dir='ltr'>erineo</span> <span class='ocrx_word' id='word_1_10' title='bbox 1156 595 1233 662; x_wconf 61' lang='lat' dir='ltr'>vim?</span> 
     </span>
     <span class='ocr_line' id='line_1_3' title="bbox 284 695 1222 790; baseline 0.011 -26"><span class='ocrx_word' id='word_1_11' title='bbox 284 697 382 784; x_wconf 75' lang='lat' dir='ltr'>ipsius</span> <span class='ocrx_word' id='word_1_12' title='bbox 403 695 586 780; x_wconf 87' lang='lat' dir='ltr'>sententiae,</span> <span class='ocrx_word' id='word_1_13' title='bbox 611 697 804 768; x_wconf 82' lang='lat' dir='ltr'>&amp;sermonis</span> <span class='ocrx_word' id='word_1_14' title='bbox 821 702 1039 787; x_wconf 82' lang='lat' dir='ltr'>proprietatem</span> <span class='ocrx_word' id='word_1_15' title='bbox 1059 706 1136 772; x_wconf 85' lang='lat' dir='ltr'>bene</span> <span class='ocrx_word' id='word_1_16' title='bbox 1153 724 1222 790; x_wconf 91' lang='lat' dir='ltr'>per·</span> 
     </span>
     <span class='ocr_line' id='line_1_4' title="bbox 282 811 1218 906; baseline 0.009 -25"><span class='ocrx_word' id='word_1_17' title='bbox 282 814 438 898; x_wconf 65' lang='lat' dir='ltr'>sptem,</span> <span class='ocrx_word' id='word_1_18' title='bbox 470 813 562 880; x_wconf 86' lang='lat' dir='ltr'>faelle</span> <span class='ocrx_word' id='word_1_19' title='bbox 583 811 638 895; x_wconf 88' lang='lat' dir='ltr'>id,</span> <span class='ocrx_word' id='word_1_20' title='bbox 663 815 814 896; x_wconf 84' lang='lat' dir='ltr'>quadres</span> <span class='ocrx_word' id='word_1_21' title='bbox 829 815 987 902; x_wconf 88' lang='lat' dir='ltr'>postulet,</span> <span class='ocrx_word' id='word_1_22' title='bbox 1010 817 1218 906; x_wconf 77' lang='lat' dir='ltr'>suppeditare.</span> 
     </span>
     <span class='ocr_line' id='line_1_5' title="bbox 280 926 1220 1002; baseline 0.004 -4"><span class='ocrx_word' id='word_1_23' title='bbox 280 929 346 999; x_wconf 84' lang='lat' dir='ltr'>llic</span> <span class='ocrx_word' id='word_1_24' title='bbox 362 929 454 995; x_wconf 89' lang='lat' dir='ltr'>etiam</span> <span class='ocrx_word' id='word_1_25' title='bbox 470 932 578 996; x_wconf 89' lang='lat' dir='ltr'>locam</span> <span class='ocrx_word' id='word_1_26' title='bbox 593 926 703 995; x_wconf 89' lang='lat' dir='ltr'>habete</span> <span class='ocrx_word' id='word_1_27' title='bbox 720 929 799 996; x_wconf 91' lang='lat' dir='ltr'>illud</span> <span class='ocrx_word' id='word_1_28' title='bbox 813 931 913 1000; x_wconf 84' lang='lat' dir='ltr'>risrnii</span> <span class='ocrx_word' id='word_1_29' title='bbox 926 931 1097 1002; x_wconf 81' lang='lat' dir='ltr'>Pollionis:</span> <span class='ocrx_word' id='word_1_30' title='bbox 1123 936 1220 1002; x_wconf 79' lang='lat' dir='ltr'>Male</span> 
     </span>
     <span class='ocr_line' id='line_1_6' title="bbox 279 1044 1293 1134; baseline -0.003 -21"><span class='ocrx_word' id='word_1_31' title='bbox 279 1047 409 1113; x_wconf 67' lang='lat' dir='ltr'>etenim</span> <span class='ocrx_word' id='word_1_32' title='bbox 434 1045 562 1128; x_wconf 74' lang='lat' dir='ltr'>tertis,</span> <span class='ocrx_word' id='word_1_33' title='bbox 592 1044 653 1129; x_wconf 82' lang='lat' dir='ltr'>nist</span> <span class='ocrx_word' id='word_1_34' title='bbox 676 1063 744 1112; x_wconf 82' lang='lat' dir='ltr'>rem</span> <span class='ocrx_word' id='word_1_35' title='bbox 752 1045 964 1134; x_wconf 75' lang='lat' dir='ltr'>sequantur:</span> <span class='ocrx_word' id='word_1_36' title='bbox 986 1047 1036 1116; x_wconf 85' lang='lat' dir='ltr'>vel</span> <span class='ocrx_word' id='word_1_37' title='bbox 1053 1045 1133 1114; x_wconf 85' lang='lat' dir='ltr'>llud</span> <span class='ocrx_word' id='word_1_38' title='bbox 1149 1049 1226 1114; x_wconf 86' lang='lat' dir='ltr'>Ho·&#39;</span> <span class='ocrx_word' id='word_1_39' title='bbox 1291 1107 1293 1110; x_wconf 84' lang='lat'>.</span> 
     </span>
     <span class='ocr_line' id='line_1_7' title="bbox 277 1158 809 1244; baseline 0 -14"><span class='ocrx_word' id='word_1_40' title='bbox 277 1160 368 1244; x_wconf 83' lang='lat' dir='ltr'>tatii,</span> <span class='ocrx_word' id='word_1_41' title='bbox 392 1179 431 1226; x_wconf 89' lang='lat' dir='ltr'>ex</span> <span class='ocrx_word' id='word_1_42' title='bbox 450 1158 599 1226; x_wconf 78' lang='lat' dir='ltr'>Asiniano</span> <span class='ocrx_word' id='word_1_43' title='bbox 617 1159 809 1244; x_wconf 86' lang='lat' dir='ltr'>expressuma</span> 
     </span>
    </p>

    <p class='ocr_par' dir='ltr' id='par_1_3' title="bbox 320 1273 1236 1367">
     <span class='ocr_line' id='line_1_8' title="bbox 320 1273 1236 1367; baseline 0 -27"><span class='ocrx_word' id='word_1_44' title='bbox 320 1275 495 1367; x_wconf 78' lang='lat' dir='ltr'><em>Verbaque</em></span> <span class='ocrx_word' id='word_1_45' title='bbox 509 1274 674 1362; x_wconf 75' lang='lat' dir='ltr'>provisam</span> <span class='ocrx_word' id='word_1_46' title='bbox 691 1297 760 1346; x_wconf 82' lang='lat' dir='ltr'>rom</span> <span class='ocrx_word' id='word_1_47' title='bbox 778 1293 841 1344; x_wconf 82' lang='lat' dir='ltr'>non</span> <span class='ocrx_word' id='word_1_48' title='bbox 859 1279 969 1344; x_wconf 75' lang='lat' dir='ltr'>inrita</span> <span class='ocrx_word' id='word_1_49' title='bbox 981 1273 1174 1365; x_wconf 78' lang='lat' dir='ltr'>sequentur.</span> <span class='ocrx_word' id='word_1_50' title='bbox 1232 1317 1236 1326; x_wconf 45' lang='grc' dir='ltr'><strong><em>ι</em></strong></span> 
     </span>
    </p>
   </div>
   <div class='ocr_carea' id='block_1_3' title="bbox 162 1387 1264 1480">
    <p class='ocr_par' dir='ltr' id='par_1_4' title="bbox 162 1387 1264 1480">
     <span class='ocr_line' id='line_1_9' title="bbox 162 1387 1264 1480; baseline 0.002 -23"><span class='ocrx_word' id='word_1_51' title='bbox 162 1445 167 1457; x_wconf 95' lang='grc'>.</span> <span class='ocrx_word' id='word_1_52' title='bbox 271 1397 276 1421; x_wconf 57' lang='lat' dir='ltr'><em>s</em></span> <span class='ocrx_word' id='word_1_53' title='bbox 320 1390 384 1456; x_wconf 87' lang='lat' dir='ltr'>Sed</span> <span class='ocrx_word' id='word_1_54' title='bbox 406 1390 488 1480; x_wconf 68' lang='lat' dir='ltr'>duod</span> <span class='ocrx_word' id='word_1_55' title='bbox 504 1390 831 1475; x_wconf 74' lang='lat' dir='ltr'>inprimiaseopulos,</span> <span class='ocrx_word' id='word_1_56' title='bbox 854 1392 1025 1457; x_wconf 87' lang='lat' dir='ltr'>multorum</span> <span class='ocrx_word' id='word_1_57' title='bbox 1041 1387 1213 1478; x_wconf 76' lang='lat' dir='ltr'>naufragiis</span> <span class='ocrx_word' id='word_1_58' title='bbox 1263 1393 1264 1398; x_wconf 75' lang='grc'>’</span> 
     </span>
    </p>
   </div>
   <div class='ocr_carea' id='block_1_4' title="bbox 279 1500 1218 1592">
    <p class='ocr_par' dir='ltr' id='par_1_5' title="bbox 279 1500 1218 1592">
     <span class='ocr_line' id='line_1_10' title="bbox 279 1500 1218 1592; baseline 0.001 -19"><span class='ocrx_word' id='word_1_59' title='bbox 279 1504 435 1588; x_wconf 76' lang='lat' dir='ltr'>infames,</span> <span class='ocrx_word' id='word_1_60' title='bbox 465 1505 579 1589; x_wconf 88' lang='lat' dir='ltr'>&amp;ipse</span> <span class='ocrx_word' id='word_1_61' title='bbox 604 1503 769 1590; x_wconf 85' lang='lat' dir='ltr'>fugiebat,</span> <span class='ocrx_word' id='word_1_62' title='bbox 800 1500 832 1569; x_wconf 84' lang='lat' dir='ltr'>da</span> <span class='ocrx_word' id='word_1_63' title='bbox 857 1503 973 1587; x_wconf 79' lang='lat' dir='ltr'>alios,</span> <span class='ocrx_word' id='word_1_64' title='bbox 992 1519 1029 1572; x_wconf 91' lang='lat' dir='ltr'>ut</span> <span class='ocrx_word' id='word_1_65' title='bbox 1054 1507 1218 1592; x_wconf 90' lang='lat' dir='ltr'>sugerent,</span> 
     </span>
    </p>
   </div>
   <div class='ocr_carea' id='block_1_5' title="bbox 99 1617 1310 2164">
    <p class='ocr_par' dir='ltr' id='par_1_6' title="bbox 99 1617 1310 2164">
     <span class='ocr_line' id='line_1_11' title="bbox 279 1617 1220 1703; baseline 0 -14"><span class='ocrx_word' id='word_1_66' title='bbox 279 1622 449 1702; x_wconf 89' lang='lat' dir='ltr'>monebat,</span> <span class='ocrx_word' id='word_1_67' title='bbox 480 1619 681 1687; x_wconf 80' lang='lat' dir='ltr'>temeritatem</span> <span class='ocrx_word' id='word_1_68' title='bbox 706 1619 738 1685; x_wconf 84' lang='lat' dir='ltr'>dt</span> <span class='ocrx_word' id='word_1_69' title='bbox 756 1617 1016 1703; x_wconf 88' lang='lat' dir='ltr'>superstitionem.</span> <span class='ocrx_word' id='word_1_70' title='bbox 1068 1622 1220 1690; x_wconf 88' lang='lat' dir='ltr'>Furorem</span> 
     </span>
     <span class='ocr_line' id='line_1_12' title="bbox 277 1733 1310 1825; baseline -0.001 -22"><span class='ocrx_word' id='word_1_71' title='bbox 277 1735 464 1825; x_wconf 74' lang='lat' dir='ltr'>Judicabat,</span> <span class='ocrx_word' id='word_1_72' title='bbox 498 1733 586 1816; x_wconf 92' lang='lat' dir='ltr'>quod</span> <span class='ocrx_word' id='word_1_73' title='bbox 609 1751 674 1802; x_wconf 88' lang='lat' dir='ltr'>non</span> <span class='ocrx_word' id='word_1_74' title='bbox 701 1733 876 1820; x_wconf 86' lang='lat' dir='ltr'>intelligas,</span> <span class='ocrx_word' id='word_1_75' title='bbox 907 1733 1008 1801; x_wconf 85' lang='lat' dir='ltr'>statim</span> <span class='ocrx_word' id='word_1_76' title='bbox 1028 1751 1113 1802; x_wconf 85' lang='lat' dir='ltr'>urere</span> <span class='ocrx_word' id='word_1_77' title='bbox 1131 1737 1222 1804; x_wconf 78' lang='lat' dir='ltr'>&amp;se-</span> <span class='ocrx_word' id='word_1_78' title='bbox 1307 1746 1310 1758; x_wconf 93' lang='lat'>&#39;</span> 
     </span>
     <span class='ocr_line' id='line_1_13' title="bbox 278 1849 1217 1936; baseline 0 -17"><span class='ocrx_word' id='word_1_79' title='bbox 278 1872 372 1936; x_wconf 85' lang='lat' dir='ltr'>care3</span> <span class='ocrx_word' id='word_1_80' title='bbox 402 1850 588 1932; x_wconf 88' lang='lat' dir='ltr'>amentiam,</span> <span class='ocrx_word' id='word_1_81' title='bbox 619 1849 700 1934; x_wconf 80' lang='lat' dir='ltr'>aegri</span> <span class='ocrx_word' id='word_1_82' title='bbox 726 1849 839 1933; x_wconf 84' lang='lat' dir='ltr'>capitis</span> <span class='ocrx_word' id='word_1_83' title='bbox 854 1849 971 1917; x_wconf 85' lang='lat' dir='ltr'>somnia</span> <span class='ocrx_word' id='word_1_84' title='bbox 984 1849 1017 1917; x_wconf 89' lang='lat' dir='ltr'>itt</span> <span class='ocrx_word' id='word_1_85' title='bbox 1032 1867 1217 1920; x_wconf 86' lang='lat' dir='ltr'>contextum</span> 
     </span>
     <span class='ocr_line' id='line_1_14' title="bbox 99 1965 1218 2080; baseline -0.004 -41"><span class='ocrx_word' id='word_1_86' title='bbox 99 2057 105 2064; x_wconf 25' lang='lat' dir='ltr'>f</span> <span class='ocrx_word' id='word_1_87' title='bbox 219 2053 220 2058; x_wconf 6' lang='grc' dir='ltr'><strong>Ἰ</strong></span> <span class='ocrx_word' id='word_1_88' title='bbox 274 1967 441 2048; x_wconf 85' lang='lat' dir='ltr'>invehere,</span> <span class='ocrx_word' id='word_1_89' title='bbox 464 1965 582 2032; x_wconf 86' lang='lat' dir='ltr'>abolita</span> <span class='ocrx_word' id='word_1_90' title='bbox 597 1979 735 2034; x_wconf 86' lang='lat' dir='ltr'>veterum</span> <span class='ocrx_word' id='word_1_91' title='bbox 751 1965 904 2032; x_wconf 89' lang='lat' dir='ltr'>librorum</span> <span class='ocrx_word' id='word_1_92' title='bbox 919 1965 1083 2050; x_wconf 85' lang='lat' dir='ltr'>scriptura.</span> <span class='ocrx_word' id='word_1_93' title='bbox 1114 1965 1218 2080; x_wconf 66' lang='lat' dir='ltr'>diam</span> 
     </span>
     <span class='ocr_line' id='line_1_15' title="bbox 278 2079 1222 2164; baseline -0.01 -12"><span class='ocrx_word' id='word_1_94' title='bbox 278 2081 305 2152; x_wconf 82' lang='lat' dir='ltr'>st</span> <span class='ocrx_word' id='word_1_95' title='bbox 329 2083 393 2150; x_wconf 88' lang='lat' dir='ltr'>hoc</span> <span class='ocrx_word' id='word_1_96' title='bbox 417 2081 515 2149; x_wconf 89' lang='lat' dir='ltr'>modo</span> <span class='ocrx_word' id='word_1_97' title='bbox 530 2079 655 2164; x_wconf 83' lang='lat' dir='ltr'>grassari</span> <span class='ocrx_word' id='word_1_98' title='bbox 670 2079 798 2162; x_wconf 84' lang='lat' dir='ltr'>liceret,</span> <span class='ocrx_word' id='word_1_99' title='bbox 819 2079 907 2148; x_wconf 87' lang='lat' dir='ltr'>brevi</span> <span class='ocrx_word' id='word_1_100' title='bbox 925 2079 1091 2164; x_wconf 82' lang='lat' dir='ltr'>fututum,</span> <span class='ocrx_word' id='word_1_101' title='bbox 1116 2097 1152 2149; x_wconf 92' lang='lat' dir='ltr'>ut</span> <span class='ocrx_word' id='word_1_102' title='bbox 1167 2099 1222 2149; x_wconf 73' lang='lat' dir='ltr'>aa·</span> 
     </span>
    </p>
   </div>
   <div class='ocr_carea' id='block_1_6' title="bbox 181 2191 1270 2851">
    <p class='ocr_par' dir='ltr' id='par_1_7' title="bbox 181 2191 1270 2851">
     <span class='ocr_line' id='line_1_16' title="bbox 280 2191 1220 2280; baseline -0.004 -14"><span class='ocrx_word' id='word_1_103' title='bbox 280 2197 427 2280; x_wconf 73' lang='lat' dir='ltr'>limitas,</span> <span class='ocrx_word' id='word_1_104' title='bbox 455 2213 550 2278; x_wconf 87' lang='lat' dir='ltr'>quam</span> <span class='ocrx_word' id='word_1_105' title='bbox 571 2194 681 2261; x_wconf 90' lang='lat' dir='ltr'>Gothi·</span> <span class='ocrx_word' id='word_1_106' title='bbox 693 2193 724 2258; x_wconf 83' lang='lat' dir='ltr'>er</span> <span class='ocrx_word' id='word_1_107' title='bbox 738 2193 873 2258; x_wconf 77' lang='lat' dir='ltr'>Vandali</span> <span class='ocrx_word' id='word_1_108' title='bbox 891 2191 983 2258; x_wconf 86' lang='lat' dir='ltr'>bonis</span> <span class='ocrx_word' id='word_1_109' title='bbox 998 2196 1086 2260; x_wconf 87' lang='lat' dir='ltr'>libris</span> <span class='ocrx_word' id='word_1_110' title='bbox 1101 2198 1220 2280; x_wconf 61' lang='lat' dir='ltr'>impote</span> 
     </span>
     <span class='ocr_line' id='line_1_17' title="bbox 276 2303 1270 2396; baseline -0.007 -14"><span class='ocrx_word' id='word_1_111' title='bbox 276 2312 408 2396; x_wconf 88' lang='lat' dir='ltr'>tallent,</span> <span class='ocrx_word' id='word_1_112' title='bbox 433 2327 506 2396; x_wconf 87' lang='lat' dir='ltr'>prae</span> <span class='ocrx_word' id='word_1_113' title='bbox 527 2307 589 2374; x_wconf 89' lang='lat' dir='ltr'>hac</span> <span class='ocrx_word' id='word_1_114' title='bbox 612 2306 689 2374; x_wconf 86' lang='lat' dir='ltr'>levis</span> <span class='ocrx_word' id='word_1_115' title='bbox 706 2305 738 2372; x_wconf 84' lang='lat' dir='ltr'>da</span> <span class='ocrx_word' id='word_1_116' title='bbox 758 2306 929 2374; x_wconf 84' lang='lat' dir='ltr'>tolerabilis</span> <span class='ocrx_word' id='word_1_117' title='bbox 947 2307 1124 2376; x_wconf 83' lang='lat' dir='ltr'>videantur.</span> <span class='ocrx_word' id='word_1_118' title='bbox 1169 2303 1220 2376; x_wconf 77' lang='lat' dir='ltr'>le-&#39;</span> <span class='ocrx_word' id='word_1_119' title='bbox 1268 2303 1270 2308; x_wconf 79' lang='grc'><strong>’</strong></span> 
     </span>
     <span class='ocr_line' id='line_1_18' title="bbox 274 2411 1228 2508; baseline -0.007 -11"><span class='ocrx_word' id='word_1_120' title='bbox 274 2427 363 2497; x_wconf 85' lang='lat' dir='ltr'>circo</span> <span class='ocrx_word' id='word_1_121' title='bbox 385 2423 520 2491; x_wconf 83' lang='lat' dir='ltr'>inlotis</span> <span class='ocrx_word' id='word_1_122' title='bbox 546 2421 733 2508; x_wconf 87' lang='lat' dir='ltr'>desperatis,</span> <span class='ocrx_word' id='word_1_123' title='bbox 764 2423 820 2488; x_wconf 90' lang='lat' dir='ltr'>ubi</span> <span class='ocrx_word' id='word_1_124' title='bbox 842 2423 928 2488; x_wconf 87' lang='lat' dir='ltr'>nulla</span> <span class='ocrx_word' id='word_1_125' title='bbox 949 2425 1029 2488; x_wconf 89' lang='lat' dir='ltr'>ratio</span> <span class='ocrx_word' id='word_1_126' title='bbox 1046 2423 1119 2490; x_wconf 88' lang='lat' dir='ltr'>esset</span> <span class='ocrx_word' id='word_1_127' title='bbox 1135 2411 1228 2498; x_wconf 52' lang='lat' dir='ltr'>disti-³¹</span> 
     </span>
     <span class='ocr_line' id='line_1_19' title="bbox 181 2523 1219 2624; baseline -0.005 -12"><span class='ocrx_word' id='word_1_128' title='bbox 181 2553 182 2556; x_wconf 76' lang='grc'>’</span> <span class='ocrx_word' id='word_1_129' title='bbox 276 2541 404 2613; x_wconf 77' lang='lat' dir='ltr'>caleatis</span> <span class='ocrx_word' id='word_1_130' title='bbox 425 2523 655 2624; x_wconf 83' lang='lat' dir='ltr'>expediendae,</span> <span class='ocrx_word' id='word_1_131' title='bbox 687 2525 873 2606; x_wconf 83' lang='lat' dir='ltr'>medicinam</span> <span class='ocrx_word' id='word_1_132' title='bbox 890 2539 928 2604; x_wconf 90' lang='lat' dir='ltr'>ab</span> <span class='ocrx_word' id='word_1_133' title='bbox 939 2526 1164 2623; x_wconf 73' lang='lat' dir='ltr'>&#39;integrlopibia</span> <span class='ocrx_word' id='word_1_134' title='bbox 1179 2540 1219 2607; x_wconf 90' lang='lat' dir='ltr'>li·</span> 
     </span>
     <span class='ocr_line' id='line_1_20' title="bbox 276 2629 1219 2740; baseline -0.008 -12"><span class='ocrx_word' id='word_1_135' title='bbox 276 2629 349 2728; x_wconf 38' lang='lat' dir='ltr'>bris&#39;</span> <span class='ocrx_word' id='word_1_136' title='bbox 360 2653 592 2740; x_wconf 72' lang='lat' dir='ltr'>exspoliandam</span> <span class='ocrx_word' id='word_1_137' title='bbox 606 2652 673 2735; x_wconf 68' lang='lat' dir='ltr'>,da</span> <span class='ocrx_word' id='word_1_138' title='bbox 689 2654 819 2720; x_wconf 89' lang='lat' dir='ltr'>omnino</span> <span class='ocrx_word' id='word_1_139' title='bbox 837 2653 914 2720; x_wconf 88' lang='lat' dir='ltr'>nihil</span> <span class='ocrx_word' id='word_1_140' title='bbox 931 2653 964 2719; x_wconf 88' lang='lat' dir='ltr'>in</span> <span class='ocrx_word' id='word_1_141' title='bbox 982 2667 1154 2738; x_wconf 84' lang='lat' dir='ltr'>contextu,</span> <span class='ocrx_word' id='word_1_142' title='bbox 1170 2656 1219 2721; x_wconf 80' lang='lat' dir='ltr'>ni·¹</span> 
     </span>
     <span class='ocr_line' id='line_1_21' title="bbox 275 2765 1215 2851; baseline -0.004 -10"><span class='ocrx_word' id='word_1_143' title='bbox 275 2769 509 2842; x_wconf 83' lang='lat' dir='ltr'>sivetullatutn</span> <span class='ocrx_word' id='word_1_144' title='bbox 526 2769 785 2836; x_wconf 82' lang='lat' dir='ltr'>membranarum</span> <span class='ocrx_word' id='word_1_145' title='bbox 795 2765 1002 2851; x_wconf 81' lang='lat' dir='ltr'>auetoritate,</span> <span class='ocrx_word' id='word_1_146' title='bbox 1023 2770 1215 2837; x_wconf 87' lang='lat' dir='ltr'>movendum</span> 
     </span>
    </p>
   </div>
   <div class='ocr_carea' id='block_1_7' title="bbox 276 2879 1355 2972">
    <p class='ocr_par' dir='ltr' id='par_1_8' title="bbox 276 2879 1355 2972">
     <span class='ocr_line' id='line_1_22' title="bbox 276 2879 1355 2972; baseline -0.003 -15"><span class='ocrx_word' id='word_1_147' title='bbox 276 2888 443 2970; x_wconf 81' lang='lat' dir='ltr'>censebat,</span> <span class='ocrx_word' id='word_1_148' title='bbox 465 2903 504 2952; x_wconf 87' lang='lat' dir='ltr'>ne</span> <span class='ocrx_word' id='word_1_149' title='bbox 522 2879 662 2972; x_wconf 77' lang='lat' dir='ltr'>BentleJo</span> <span class='ocrx_word' id='word_1_150' title='bbox 682 2885 809 2968; x_wconf 80' lang='lat' dir='ltr'>quidem</span> <span class='ocrx_word' id='word_1_151' title='bbox 823 2887 945 2954; x_wconf 86' lang='lat' dir='ltr'>veniam</span> <span class='ocrx_word' id='word_1_152' title='bbox 965 2880 1219 2971; x_wconf 69' lang='lat' dir='ltr'>dediscendae,</span> <span class='ocrx_word' id='word_1_153' title='bbox 1350 2911 1355 2926; x_wconf 90' lang='lat'><strong>·</strong></span> 
     </span>
    </p>
   </div>
   <div class='ocr_carea' id='block_1_8' title="bbox 178 2985 1321 3680">
    <p class='ocr_par' dir='ltr' id='par_1_9' title="bbox 277 2985 1117 3091">
     <span class='ocr_line' id='line_1_23' title="bbox 277 2985 996 3091; baseline -0.007 -19"><span class='ocrx_word' id='word_1_154' title='bbox 277 3024 373 3091; x_wconf 86' lang='lat' dir='ltr'>quam</span> <span class='ocrx_word' id='word_1_155' title='bbox 386 2985 445 3072; x_wconf 85' lang='lat' dir='ltr'>sabi</span> <span class='ocrx_word' id='word_1_156' title='bbox 461 2999 568 3070; x_wconf 76' lang='lat' dir='ltr'>sumsit</span> <span class='ocrx_word' id='word_1_157' title='bbox 581 3003 615 3072; x_wconf 87' lang='lat' dir='ltr'>in</span> <span class='ocrx_word' id='word_1_158' title='bbox 631 3001 766 3068; x_wconf 91' lang='lat' dir='ltr'>Manilio</span> <span class='ocrx_word' id='word_1_159' title='bbox 783 2993 996 3070; x_wconf 85' lang='lat' dir='ltr'>recensendo.¹</span> 
     </span>
    </p>

    <p class='ocr_par' dir='ltr' id='par_1_10' title="bbox 178 3116 1321 3680">
     <span class='ocr_line' id='line_1_24' title="bbox 226 3116 1219 3205; baseline -0.008 -15"><span class='ocrx_word' id='word_1_160' title='bbox 226 3196 227 3205; x_wconf 8' lang='grc' dir='ltr'>χ</span> <span class='ocrx_word' id='word_1_161' title='bbox 310 3123 366 3190; x_wconf 77' lang='lat' dir='ltr'>At</span> <span class='ocrx_word' id='word_1_162' title='bbox 391 3137 486 3202; x_wconf 88' lang='lat' dir='ltr'>vero,</span> <span class='ocrx_word' id='word_1_163' title='bbox 515 3117 571 3202; x_wconf 90' lang='lat' dir='ltr'>qui</span> <span class='ocrx_word' id='word_1_164' title='bbox 590 3117 714 3184; x_wconf 82' lang='lat' dir='ltr'>nullum‘</span> <span class='ocrx_word' id='word_1_165' title='bbox 732 3117 880 3184; x_wconf 84' lang='lat' dir='ltr'>audaciae</span> <span class='ocrx_word' id='word_1_166' title='bbox 896 3119 1005 3184; x_wconf 88' lang='lat' dir='ltr'>locum</span> <span class='ocrx_word' id='word_1_167' title='bbox 1019 3116 1127 3199; x_wconf 86' lang='lat' dir='ltr'>daret,</span> <span class='ocrx_word' id='word_1_168' title='bbox 1152 3125 1219 3183; x_wconf 85' lang='lat' dir='ltr'>non</span> 
     </span>
     <span class='ocr_line' id='line_1_25' title="bbox 273 3232 1321 3332; baseline -0.014 -22"><span class='ocrx_word' id='word_1_169' title='bbox 273 3238 381 3310; x_wconf 21' lang='lat' dir='ltr'>,minus</span> <span class='ocrx_word' id='word_1_170' title='bbox 398 3233 587 3332; x_wconf 76' lang='lat' dir='ltr'>repudiabat</span> <span class='ocrx_word' id='word_1_171' title='bbox 610 3235 722 3300; x_wconf 79' lang='lat' dir='ltr'>utilem</span> <span class='ocrx_word' id='word_1_172' title='bbox 747 3232 946 3318; x_wconf 82' lang='lat' dir='ltr'>religionem,</span> <span class='ocrx_word' id='word_1_173' title='bbox 981 3251 1062 3316; x_wconf 87' lang='lat' dir='ltr'>quae</span> <span class='ocrx_word' id='word_1_174' title='bbox 1075 3232 1217 3330; x_wconf 76' lang='lat' dir='ltr'>seimpo-</span> <span class='ocrx_word' id='word_1_175' title='bbox 1318 3322 1321 3329; x_wconf 22' lang='grc' dir='ltr'>Ι</span> 
     </span>
     <span class='ocr_line' id='line_1_26' title="bbox 276 3337 1218 3430; baseline -0.011 -7"><span class='ocrx_word' id='word_1_176' title='bbox 276 3355 346 3423; x_wconf 85' lang='lat' dir='ltr'>ritis</span> <span class='ocrx_word' id='word_1_177' title='bbox 372 3347 538 3420; x_wconf 88' lang='lat' dir='ltr'>modestiae</span> <span class='ocrx_word' id='word_1_178' title='bbox 560 3349 685 3416; x_wconf 88' lang='lat' dir='ltr'>nomine</span> <span class='ocrx_word' id='word_1_179' title='bbox 707 3337 925 3415; x_wconf 87' lang='lat' dir='ltr'>commendare</span> <span class='ocrx_word' id='word_1_180' title='bbox 945 3347 1062 3430; x_wconf 89' lang='lat' dir='ltr'>audet,</span> <span class='ocrx_word' id='word_1_181' title='bbox 1085 3346 1116 3413; x_wconf 86' lang='lat' dir='ltr'>dt</span> <span class='ocrx_word' id='word_1_182' title='bbox 1140 3346 1218 3413; x_wconf 87' lang='lat' dir='ltr'>sem·</span> 
     </span>
     <span class='ocr_line' id='line_1_27' title="bbox 275 3461 1210 3558; baseline -0.011 -20"><span class='ocrx_word' id='word_1_183' title='bbox 275 3489 332 3558; x_wconf 87' lang='lat' dir='ltr'>per</span> <span class='ocrx_word' id='word_1_184' title='bbox 355 3471 519 3555; x_wconf 84' lang='lat' dir='ltr'>vulgatae,</span> <span class='ocrx_word' id='word_1_185' title='bbox 543 3465 689 3550; x_wconf 82' lang='lat' dir='ltr'>quamvls</span> <span class='ocrx_word' id='word_1_186' title='bbox 708 3465 809 3533; x_wconf 89' lang='lat' dir='ltr'>futilis</span> <span class='ocrx_word' id='word_1_187' title='bbox 824 3465 856 3531; x_wconf 82' lang='lat' dir='ltr'>dt</span> <span class='ocrx_word' id='word_1_188' title='bbox 873 3461 1043 3544; x_wconf 86' lang='lat' dir='ltr'>absurdae,</span> <span class='ocrx_word' id='word_1_189' title='bbox 1062 3461 1210 3529; x_wconf 78' lang='lat' dir='ltr'>&#39;lestionin</span> 
     </span>
     <span class='ocr_line' id='line_1_28' title="bbox 178 3573 1219 3680; baseline -0.011 -25"><span class='ocrx_word' id='word_1_190' title='bbox 178 3669 179 3674; x_wconf 5' lang='grc' dir='ltr'>ἵ</span> <span class='ocrx_word' id='word_1_191' title='bbox 276 3584 487 3674; x_wconf 87' lang='lat' dir='ltr'>patrocinium</span> <span class='ocrx_word' id='word_1_192' title='bbox 511 3581 701 3666; x_wconf 81' lang='lat' dir='ltr'>profitetur.&#39;</span> <span class='ocrx_word' id='word_1_193' title='bbox 740 3581 803 3648; x_wconf 88' lang='lat' dir='ltr'>Sed</span> <span class='ocrx_word' id='word_1_194' title='bbox 829 3573 1159 3680; x_wconf 76' lang='lat' dir='ltr'>quae,&#39;malum&#39;!&#39;&#39;eli</span> <span class='ocrx_word' id='word_1_195' title='bbox 1173 3579 1219 3644; x_wconf 83' lang='lat' dir='ltr'>ie·</span> 
     </span>
    </p>
   </div>
   <div class='ocr_carea' id='block_1_9' title="bbox 161 3692 1217 3789">
    <p class='ocr_par' dir='ltr' id='par_1_11' title="bbox 161 3692 1217 3789">
     <span class='ocr_line' id='line_1_29' title="bbox 161 3692 1217 3789; baseline -0.022 -10"><span class='ocrx_word' id='word_1_196' title='bbox 161 3775 165 3789; x_wconf 83' lang='grc'>,</span> <span class='ocrx_word' id='word_1_197' title='bbox 277 3703 362 3786; x_wconf 83' lang='lat' dir='ltr'>itio,</span> <span class='ocrx_word' id='word_1_198' title='bbox 385 3719 482 3786; x_wconf 89' lang='lat' dir='ltr'>quam</span> <span class='ocrx_word' id='word_1_199' title='bbox 493 3712 652 3782; x_wconf 89' lang='lat' dir='ltr'>tantopere</span> <span class='ocrx_word' id='word_1_200' title='bbox 666 3697 805 3783; x_wconf 74' lang='lat' dir='ltr'>iaetant,</span> <span class='ocrx_word' id='word_1_201' title='bbox 828 3694 980 3779; x_wconf 71' lang='lat' dir='ltr'>vulgata?</span> <span class='ocrx_word' id='word_1_202' title='bbox 1002 3692 1091 3759; x_wconf 89' lang='lat' dir='ltr'>Num</span> <span class='ocrx_word' id='word_1_203' title='bbox 1105 3711 1143 3761; x_wconf 82' lang='lat' dir='ltr'>ex</span> <span class='ocrx_word' id='word_1_204' title='bbox 1161 3708 1217 3759; x_wconf 87' lang='lat' dir='ltr'>ve·</span> 
     </span>
    </p>
   </div>
   <div class='ocr_carea' id='block_1_10' title="bbox 276 3795 1217 3992">
    <p class='ocr_par' dir='ltr' id='par_1_12' title="bbox 276 3795 1217 3992">
     <span class='ocr_line' id='line_1_30' title="bbox 276 3795 1217 3901; baseline -0.021 -11"><span class='ocrx_word' id='word_1_205' title='bbox 276 3817 368 3891; x_wconf 79' lang='lat' dir='ltr'>tullia</span> <span class='ocrx_word' id='word_1_206' title='bbox 395 3815 428 3886; x_wconf 81' lang='lat' dir='ltr'>aa</span> <span class='ocrx_word' id='word_1_207' title='bbox 448 3795 601 3901; x_wconf 71' lang='lat' dir='ltr'>[pratitae</span> <span class='ocrx_word' id='word_1_208' title='bbox 626 3799 700 3882; x_wconf 85' lang='lat' dir='ltr'>fidei</span> <span class='ocrx_word' id='word_1_209' title='bbox 724 3810 812 3879; x_wconf 86' lang='lat' dir='ltr'>libris</span> <span class='ocrx_word' id='word_1_210' title='bbox 826 3797 994 3896; x_wconf 71' lang='lat' dir='ltr'>profetia?</span> <span class='ocrx_word' id='word_1_211' title='bbox 1016 3809 1105 3882; x_wconf 86' lang='lat' dir='ltr'>Num</span> <span class='ocrx_word' id='word_1_212' title='bbox 1122 3807 1217 3874; x_wconf 78' lang='lat' dir='ltr'>certio</span> 
     </span>
     <span class='ocr_line' id='line_1_31' title="bbox 1114 3936 1217 3992; baseline -0.029 -2"><span class='ocrx_word' id='word_1_213' title='bbox 1114 3936 1217 3992; x_wconf 66' lang='lat' dir='ltr'>emeat</span> 
     </span>
    </p>
   </div>
   <div class='ocr_carea' id='block_1_11' title="bbox 0 0 1460 4728">
    <p class='ocr_par' dir='ltr' id='par_1_13' title="bbox 0 0 1460 4728">
     <span class='ocr_line' id='line_1_32' title="bbox 0 0 1460 4728; baseline 0 2"><span class='ocrx_word' id='word_1_214' title='bbox 0 0 1460 4728; x_wconf 95' lang='lat' dir='ltr'> </span> 
     </span>
    </p>
   </div>
  </div>
 </body>
</html>
