2874 4738
438 435 520 502 ur:
565 432 926 536 ,torturum
1080 456 1141 520 μς

63 655 66 664 ι
155 623 180 661 -’
216 617 273 683 ubi
305 615 488 684 deteriorum
514 619 663 684 librorum
686 617 853 700 scriptura,
883 622 1074 698 trauersae,
1105 620 1137 686 in

214 725 354 797 fraudem
368 733 504 813 indueti,
528 731 704 797 Holstenius
723 733 754 794 in
766 731 845 806 Vita
860 729 1013 816 Porphyr.
1037 754 1071 816 p.
1084 753 1136 801 ιι.

95 927 100 932 .
216 859 246 914 et
271 844 487 936 Laugbaenius
509 847 540 912 in
566 847 641 913 Vita
656 843 820 928 Longini,
838 845 953 916 Plotini
968 825 1137 914 nataluua
1206 891 1208 896 -

219 957 365 1042 Longino
391 961 577 1030 celebratum
601 974 761 1042 putarunt.
815 958 930 1024 Verum
947 960 1138 1027 neePiotiuo

82 1122 93 1130 .
219 1069 361 1156 magistro
375 1076 448 1140 usus
461 1090 525 1140 erat
536 1075 726 1156 Longinus,
747 1093 804 1138 nec
820 1087 939 1140 tantum
957 1073 1013 1140 fibi
1032 1078 1167 1144 auito-1,
1287 1103 1291 1108 ·
1421 1113 1424 1120 ·

218 1188 316 1254 sitatis
339 1187 479 1254 Plotiaus
506 1187 724 1269 constituerat,
754 1203 789 1252 ut
811 1187 984 1270 Longinus,
997 1191 1087 1254 talem
1111 1190 1141 1256 ei

219 1302 393 1382 honorem,
416 1301 584 1384 praeteritis
600 1293 767 1368 Ammonio
784 1317 813 1366 et
823 1297 975 1385 Origene,
997 1303 1053 1370 sub
1072 1304 1142 1385 qui·
1129 1310 1154 1380 ·,?

151 1468 153 1473 .
219 1416 280 1482 bus
301 1414 494 1497 profecerat,
524 1416 686 1480 haberet..
711 1414 853 1498 Excepit
867 1431 934 1480 tum
952 1410 1142 1500 Longinus,

219 1545 255 1597 ut
268 1531 329 1595 hoc
345 1531 445 1596 obiter
458 1528 628 1609 addamus,
652 1529 786 1596 sollemni
802 1529 950 1600 convivio
964 1531 1068 1596 florem
1085 1531 1144 1602 ho-

131 1629 133 1634 ’
196 1644 338 1716 ‘minum
354 1645 565 1726 eruditorum,
588 1643 719 1712 Athenis
736 1643 931 1728 degentium,
954 1644 1180 1739 Nicagoram„
1241 1654 1249 1668 “

220 1758 416 1840 Sophistam,
445 1759 621 1844 Maiorem,
648 1757 853 1841 Apollonium
875 1757 1143 1842 Grammaticum‚

89 1898 94 1908 ·
219 1872 410 1939 Demetrium
446 1871 666 1950 Geomettam,
702 1860 860 1938 Prosenem
884 1871 1144 1954 Peripateticum,

203 1985 368 2052 ¹Calretem
380 1984 543 2064 Storcum
565 1982 742 2066 Caystrium
761 1999 792 2048 et
802 1984 986 2054 Maximum
1030 1971 1144 2058 Adfuit

221 2099 311 2164 etiam
336 2098 550 2182 Porphyrius,
574 2099 630 2180 qui
648 2110 746 2164 totarn
761 2115 824 2162 rem
839 2111 963 2180 narrat,
987 2117 1058 2170 cum
1078 2101 1150 2176 aliis,

220 2211 377 2298 pluribus.
421 2213 472 2278 Ex
490 2213 538 2278 his
554 2189 694 2280 nonnulii
711 2211 766 2277 fibi
782 2231 894 2281 nomen
909 2213 991 2294 apud
1008 2214 1150 2295 posteros.
1193 2291 1197 2299 .

220 2327 382 2408 fecerunt,
405 2341 441 2392 ut
461 2326 655 2410 Nicagoras,
681 2343 780 2408 quern
789 2327 942 2392 Gothofr.
953 2328 1091 2394 Olearius
1106 2329 1146 2394 ad
1232 2363 1236 2372 ·

220 2440 395 2507 Philostrat·
412 2440 449 2504 de
463 2440 530 2506 vit.
551 2437 690 2522 Sophist.
710 2441 750 2506 ΙΙ.
776 2461 828 2523 31.
853 2461 887 2522 p.
904 2443 977 2523 624.
1002 2443 1085 2526 turpi
1100 2463 1147 2508 et·

220 2573 289 2622 rore
304 2553 469 2622 confundit
485 2571 556 2618 cum
572 2552 771 2635 Nicostrato,
794 2554 929 2620 Rheture
945 2555 1002 2620 M..
1014 2559 1148 2622 Antoni«
1178 2643 1180 2647 y

221 2669 253 2736 ni
275 2668 466 2750 temporibus
487 2671 583 2734 claro.
633 2667 712 2732 Vide
735 2667 861 2734 Suidam
887 2687 920 2731 v.
946 2671 1147 2753 Νικαγόρας,

149 2787 153 2806 ’
219 2798 253 2849 ιι
275 2780 516 2850 ibi‘Kusterum.
563 2782 670 2847 Notus
687 2779 776 2848 etiam
794 2777 836 2849 est
853 2779 958 2864 Major
978 2783 1144 2866 Sophissa,
1197 2783 1202 2792 '
1280 2773 1283 2780 ’

224 2917 262 2964 ex
278 2895 374 2962 Suida
390 2898 422 2961 in
439 2916 470 2961 v.
485 2909 515 2960 et
525 2893 692 2966 Scholiaite
704 2893 889 2974 Hermogen.
901 2913 935 2975 p,
950 2881 1021 2977 rgo.
1046 2899 1147 2979 Apol,

145 3015 149 3020 '
223 3009 341 3077 lonium
365 3001 1018 3091 Porphyrii‘infltammaticismagistrum
1035 3011 1144 3094 fuisse,
1230 2981 1234 3000 ⁵

164 3121 172 3136 ¹
222 3125 329 3206 paullo
345 3121 577 3219 anteldiximus.
622 3121 806 3201 Maximus,
825 3122 948 3204 nescio,
972 3142 1009 3196 an
1024 3123 1059 3190 stt
1077 3126 1146 3208 phi,

223 3236 392 3320 losophus,
415 3235 510 3302 domo
531 3234 673 3315 Tiamaa,
697 3235 787 3320 cujus
807 3235 931 3304 titulum
948 3237 1155 3322 sepulcralem,

144 3401 145 3406 ,
227 3350 359 3428 Athenis
373 3350 449 3421 vidit
468 3349 605 3434 Spouius
621 3349 753 3425 Misceil.
770 3349 865 3424 ¹erud.
882 3351 992 3435 Antiq.
1016 3373 1050 3438 p.
1071 3367 1148 3440 razi

547 3529 803 3628 ‘Metram

596 3673 777 3744 uterum

458 3781 463 3792 '
537 3787 831 3862 dido-zoin,

727 3921 799 4007 Xe
