2922 4734
309 371 383 486 aas
453 389 483 449 ·'
510 447 516 455 -
545 387 853 490 'on'sr'ro'
922 415 1008 492 ns
1046 400 1092 437 ·'

305 579 527 689 Philosophia,
551 603 604 686 da,
616 604 677 675 stne
695 603 758 690 qua
776 605 830 675 vix
844 606 962 692 percipi
979 573 1173 696 philosophia
1184 611 1243 700 pd'·

304 719 546 802 tell,Matheli's
562 723 815 792 continebantur.
861 724 1093 810 Quinclilianus
1113 729 1241 812 quidem
1271 747 1273 754 ’
1322 757 1326 762 ·

179 893 185 902 .
303 839 337 904 in
361 833 428 922 ipso
452 835 693 919 Grammatico,
724 835 842 921 idest,
872 843 1038 922 poetarum
1057 842 1242 928 interprete,

302 957 386 1018 cum‘
400 951 636 1038 philosophiae,
670 969 738 1020 tum
762 953 894 1028 side-rum
917 953 1246 1042 scientiamrequirita

304 1067 422 1154 quippe
447 1074 583 1154 po'efftae,
603 1079 698 1166 {quos
721 1064 939 1137 vetustissimos
966 1069 1129 1156 sapientiae
1145 1077 1242 1160 magi-

301 1183 380 1257 slros
407 1183 496 1251 fuisse
521 1185 656 1268 scimus,
689 1169 843 1272 permulta
866 1187 1065 1272 Philosophia
1082 1185 1113 1254 da
1130 1185 1241 1258 Astro-

300 1301 424 1375 nomiae
450 1300 577 1386 vestigia
606 1299 795 1368 carminibus
822 1301 884 1368 suis
906 1303 1132 1388 impresserunt.
1177 1305 1244 1384 Sed

300 1417 433 1502 videte,
473 1417 584 1500 quam'
606 1415 694 1484 versa
732 1415 766 1482 in
806 1416 986 1486 deteriorem
1029 1433 1147 1502 partem
1179 1419 1241 1490 fint

301 1533 419 1600 omnia.
479 1533 533 1602 Isti
565 1533 598 1599 in
629 1531 785 1598 liternum
809 1532 1014 1617 opprobrium
1038 1510 1103 1616 nati
1136 1537 1240 1614 litera·

300 1662 406 1731 tores,
441 1663 516 1714 cum
541 1667 694 1732 nugarum
721 1646 838 1723 levitati
861 1647 1038 1715 tradendae
1056 1637 1160 1716 ‘ell'ent
1177 1651 1240 1717 ‘ad-

298 1763 399 1844 sueti,
429 1763 580 1830 Mathesrs
603 1761 784 1832 difficultate
810 1735 1068 1856 deterrebabiut,·
1094 1768 1151 1832 ltec
1165 1765 1240 1834 Phi·

297 1877 456 1962 losophlae
474 1865 674 1950 'severitatem
707 1877 863 1956 ferebant,
921 1879 1013 1967 Quid
1033 1881 1131 1964 igitur
1155 1855 1239 1948 accis

98 1964 100 1972 Ι
174 2055 176 2061 .
297 1993 371 2061 dit?
400 1995 529 2062 Veteres
553 1991 756 2076 philosophos
772 2011 905 2080 omnes,
929 1996 1076 2078 quamvis
1094 1993 1236 2064 claslico'·

297 2131 369 2178 rum
397 2111 562 2177 nullorum
590 2121 721 2173 numero
745 2095 1009 2224 comprehensos,
1037 2112 1157 2192 procul
1173 2108 1242 2208 ase

297 2225 533 2305 amandarent,
566 2223 725 2334 ipsamque
748 2207 981 2308 Philosophiam
1018 2224 1089 2310 (ol
1124 2201 1257 2292 coeca‘s'

298 2340 463 2411 hominum
481 2338 630 2448 mentcsl)
649 2324 799 2446 tanquam
810 2338 985 2432 infaustum
999 2331 1091 2406 orn'en
1103 2333 1244 2424 despue-t
1314 2373 1317 2380 ·

295 2472 384 2528 runt.
437 2455 567 2544 Videas
577 2453 707 2544 igitur,
719 2455 781 2568 qui
807 2454 885 2521 alios
903 2423 1021 2539 pdit'as
1027 2445 1127 2522 'uastis
1148 2466 1238 2522 coln·

234 2601 245 2631 ι
297 2573 455 2642 mentariis
481 2571 639 2689 oblualit,
661 2555 727 2641 nan
740 2557 855 2641 audere
870 2559 1018 2670 attinigerc
1035 2563 1235 2641 Lucretium.

295 2691 385 2760 Mole
418 2663 669 2754 annotationum
665 2681 721 2764 &l
736 2685 988 2772 conlestutarum
1010 2673 1164 2755 ιιιιὸιιιιιι
1176 2689 1239 2755 Ci

296 2806 418 2877 ceronis
447 2805 612 2916 Ouationes
636 2802 668 2881 da
680 2802 867 2920 Epistulae.
909 2803 998 2880 At
972 2821 1040 2893 eJus
1057 2803 1146 2868 libris
1161 2801 1235 2886 phi·

295 2891 522 3006 losoplnici's,''
519 2899 611 3004 qui
629 2897 814 3005 interpretis
839 2901 953 2989 fiomen
985 2917 1020 2986 da
1051 2917 1233 3040 dignitatem

295 3032 438 3121 sustinere
449 3007 576 3122 ¹q'solsrt,
589 3017 731 3103 nonduin
752 3019 869 3126 obtigit
887 3039 1070 3120 quisquam.
1080 3026 1233 3126 Quid?

295 3151 459 3222 Manilius
468 3159 571 3219 nonne
587 3153 722 3220 tenebris
738 3117 946 3264 sordibusque
964 3151 1067 3216 adhuc
1086 3149 1234 3232 oppletus

212 3309 214 3314 ·
292 3273 429 3356 jaceret,
460 3267 517 3335 nisr
542 3253 742 3334 literatores
732 3287 765 3353 ιιι
788 3267 898 3350 paucis
924 3263 1101 3350 graviorum
1118 3264 1231 3330 artium

293 3385 445 3474 praesidio
476 3381 637 3466 inlirulii,
667 3382 839 3468 Scaliger,
856 3365 994 3446 Huetius
1019 3379 1050 3446 da
1071 3377 1244 3462 Bentlejus·

294 3507 382 3573 illum
409 3501 466 3570 libi
489 3497 709 3584 explicandum
734 3483 1015 3629 corrigendumque
1030 3467 1229 3569 sumsissenti

292 3620 384 3710 Quae
410 3616 550 3685 comita
574 3613 656 3698 sint,
689 3605 760 3700 quis
773 3606 937 3702 miretur,
949 3611 1121 3678 literatores
1140 3613 1236 3702 saepe
1295 3593 1301 3610 ’

292 3755 313 3815 a
345 3731 538 3820 philosophis
561 3731 711 3816 tdnquam
739 3705 937 3815 syllabarum
950 3739 1089 3820 aucupes
1113 3727 1228 3810 rideri,

294 3852 350 3948 qui
370 3849 476 3938 paleas
498 3849 595 3919 modo
618 3867 635 3915 e
658 3861 796 3918 veterum
817 3843 904 3914 libris
927 3846 1052 3932 legant,
1073 3843 1231 3914 uberrima

1182 3975 1230 4026 re·
