2910 4728
231 451 236 454 ,
293 401 510 476 'rrae-ran
553 375 1004 470 ιιίιιιιιιιιιυιιι.
1082 408 1129 484 ις

182 582 313 694 partem
318 625 356 672 ex
371 623 406 670 ea
424 591 578 684 sublatis,
602 587 703 698 prope
719 614 786 667 tota
802 597 887 666 sassa
906 599 950 666 est
958 598 1128 684 disciplina
1152 668 1154 674 ,

183 721 366 793 verborum.
412 719 464 787 Ex
480 737 519 784 eo
536 717 677 800 ternpore
691 703 871 802 philosophi
877 699 1046 822 ejusmodi
1065 717 1134 779 lite·

185 843 304 905 1‘atores
338 857 411 904 cum
444 851 507 900 arte
534 833 588 900 sua
614 834 864 936 contemserunt.
888 811 1069 944 literatores
1096 830 1134 896 de
1161 905 1165 930 Ι
1208 891 1210 896 ,

188 953 411 1020 humaniorum
436 951 594 1016 literarum
617 929 829 1015 contemtione
857 927 896 1014 ad
915 930 1013 1015 ravim
1022 955 1135 1049 'usque
1179 949 1184 958 '
1210 941 1216 954 ’

190 1071 425 1166 declamarent,
447 1085 486 1133 ne
504 1067 581 1131 illud
600 1051 733 1185 quidem
744 1066 978 1150 intelligentes,
997 1039 1050 1129 sui
1068 1065 1136 1130 cul·
1140 1064 1171 1160 s

189 1181 231 1272 pa
241 1181 413 1282 literarum
440 1181 641 1267 dignitatern
635 1162 829 1272 concidisse.
871 1182 955 1264 Hos
973 1177 996 1246 fi
1015 1176 1055 1246 ad
1071 1199 1138 1245 ma·

189 1293 296 1389 ιοιιιιιι
323 1291 477 1366 instituta
486 1315 632 1364 revocare
659 1317 831 1380 conemur,
839 1277 990 1364 forsitan
1011 1315 1138 1382 operam

192 1401 378 1503 perdamus.
430 1409 493 1483 Sed
518 1413 685 1498 profecto,
718 1407 854 1514 Γιιιιιίι
878 1411 1014 1478 cousins
1028 1411 1141 1478 locum

194 1532 267 1599 dare
294 1519 413 1615 velint,
444 1544 508 1598 una
522 1514 692 1638 superest
671 1509 775 1614 ratio,
798 1549 863 1620 qua
880 1529 913 1596 dt
930 1503 1032 1594 literas
1049 1526 1082 1592 de
1095 1526 1142 1594 se'·
1170 1542 1172 1550 ·

193 1643 259 1717 n'ret
285 1639 370 1743 ipsos
394 1665 412 1713 a
437 1661 600 1714 contemtu
615 1627 783 1739 vindicare
800 1661 929 1732 queant.
965 1637 1142 1711 Revell'ant

192 1762 346 1848 terminos
382 1761 607 1846 humanitatis,
641 1780 724 1846 quos
746 1762 871 1847 ignavia
887 1759 1072 1844 constituit,
1094 1779 1143 1826 re·

190 1873 315 1963 ι’ἱριιιιι
331 1870 494 1943 inertium
515 1879 674 1959 choium,
699 1893 778 1960 quas
794 1879 866 1942 inde
885 1879 1062 1961 ejecerunt,
1070 1863 1142 1959 de,

194 1963 421 2062 Hemsterlrusri
442 1977 609 2074 eriemp'lo,
640 1990 798 2056 literarum
822 1987 959 2058 studium
976 2009 1051 2056 cum
1067 1989 1143 2056 Ma·

199 2085 278 2220 tbeli
296 2103 334 2170 dt
341 2097 545 2220 Philosophia
562 2095 769 2188 conjungant.

202 2209 433 2286 Geometria
462 2201 600 2284 animum
619 2233 636 2283 ι
654 2219 790 2310 sensbus
810 2218 918 2328 adea,
949 2215 1029 2303 qua'e
1043 2195 1146 2318 mente
1260 2279 1262 2284 .
1336 2195 1339 2205 Ι

198 2348 411 2417 contuemur,
444 2333 641 2420 intelligenda
662 2315 839 2417 traducit,
856 2335 1006 2446 acuitque
1021 2333 1053 2402 in
1073 2323 1149 2404 'tero

197 2446 389 2552 judicando.
434 2446 479 2517 Et
496 2449 667 2533 quisquam
684 2446 864 2553 dubitabit,
890 2451 991 2536 quin,
1015 2473 1070 2536 qur
1062 2453 1148 2522 hae

200 2563 363 2649 disciplina
381 2563 540 2649 ingenium
557 2561 734 2672 subegerit,
745 2565 837 2672 etiam
855 2567 887 2632 in
905 2567 1000 2633 literis
1016 2567 1146 2674 nostris,

201 2679 326 2749 acutius
345 2695 450 2747 cernat
467 2679 528 2763 iis,
553 2681 608 2765 qui
615 2655 790 2788 nunquam
811 2683 968 2786 attigerint
983 2661 1147 2782 pulverem

202 2767 418 2884 eruditum?
432 2777 666 2887 Hemllerliusro
686 2797 763 2897 quid
781 2795 965 2885 Geometria
980 2801 1149 2894 profuerit,

186 2903 340 2994 icium,
348 2911 406 2994 qui
424 2913 473 2976 vel
489 2878 646 3020 scripta
619 2901 686 2996 ejus
702 2913 889 3040 cognorint,
912 2916 963 2979 vel
978 2914 1149 2986 sermones.

200 3018 372 3115 Οιιιιιιιίιι
388 3043 427 3092 ex
444 3041 497 3090 ore
510 3007 636 3108 eliber,
649 3010 803 3116 quicquid
818 3001 912 3120 literis
928 3017 1150 3114 mandabatur,

203 3145 296 3210 etiam
335 3145 370 3210 in
382 3140 511 3252 critico
535 3121 679 3224 genere}
677 3121 788 3208 sicile
811 3115 998 3227 prodebat
989 3145 1150 3232 rngenium

204 3253 384 3356 ‘adsuetum
394 3257 597 3354 geometricae
624 3237 810 3338 subtilitati.
843 3259 933 3336 Nihil
947 3260 1091 3354 sumebat
1107 3273 1155 3328 te·

204 3371 318 3460 mere,
334 3375 385 3440 sed
403 3389 421 3438 ι
441 3360 527 3438 certo
547 3353 694 3458 cognitis
702 3373 945 3476 &perspicuis
938 3379 991 3444 via
999 3377 1039 3474 dt
1057 3377 1153 3444 ratio·

205 3505 247 3558 ne
248 3485 519 3600 progrediebatur
534 3489 574 3555 ad
591 3506 649 3609 ea,
682 3485 762 3610 qua'e
778 3489 851 3559 inde
869 3465 1034 3588 necessaria
1047 3485 1155 3563 co'nse·

208 3607 338 3704 eutione
351 3595 556 3674 efficerentur.

252 3720 328 3787 Sed
340 3723 399 3786 alia
427 3724 556 3806 quoque
572 3704 723 3806 Mathesis
739 3742 811 3808 pars
826 3721 892 3805 eli,
917 3743 1011 3808 quarn
1031 3711 1153 3796 Critico

206 3835 355 3963 dedecori
383 3833 404 3900 s
394 3851 420 3902 t
394 3821 604 3921 rignomre
631 3835 741 3904 Haec
758 3835 802 3905 est
817 3827 1074 3928 Astror'roiiria,
1066 3847 1157 3928 prae·

1098 3963 1159 4028 ιιι
