2894 4738
355 407 437 480 DE
502 409 1009 524 ANTIPHONXTE.
1086 431 1151 504 231

217 598 252 680 in
267 599 397 685 partiam
412 597 528 682 agitare
543 598 671 684 coepit,
686 597 818 679 offerens
835 575 998 666 liberaliter
1011 613 1080 678 tum
1088 596 1172 666 Rei
1188 621 1195 634 t
1215 591 1217 596 ’

211 717 267 799 gis
282 715 438 790 Persarum
453 714 641 806 amicitiam,
657 730 725 782 tum
741 735 865 796 operam
881 715 989 797 suam,
1003 715 1062 780 hac
1079 733 1155 792 con·

79 891 82 902 .
163 907 165 915 ‚
189 918 191 930 1
216 831 361 912 ditione,
393 845 442 896 ut
457 829 620 913 imperium
636 849 655 896 a
670 832 790 912 populo
801 830 846 896 ad
861 831 1038 913 Optimates
1054 845 1155 896 trans·

161 921 163 930 '
218 945 362 1012 ferretur.
408 945 489 1020 ‚Hoc
515 945 690 1014 Alcibiadis
714 945 875 1012 consilium
893 966 910 1009 a
930 945 1076 1031 Pisandro
1091 921 1156 1028 pri·

110 1043 135 1138 γ’
214 1081 304 1152 mum
325 1059 547 1135 causantis,
571 1079 645 1128 mox
661 1079 733 1125 cum
748 1041 1009 1142 Atheniensibus,
1032 1059 1156 1141 quiSa·

218 1175 507 1256 diversabantur,
539 1175 805 1242 communicatum
833 1175 895 1258 est,
926 1189 957 1240 et
972 1192 1081 1272 parum
1099 1163 1155 1238 ab·

215 1291 304 1374 suit,
336 1293 435 1374 quin,
466 1289 688 1374 adjuvantibus
704 1291 791 1358 illud¹
805 1290 936 1358 Athenis
952 1290 1044 1354 etiam
1061 1287 1154 1371 primi

211 1406 336 1474 ordinis
355 1404 454 1487 viris,
484 1403 615 1470 feliciter
631 1405 764 1474 cederet.
810 1402 871 1472 Sed
886 1405 961 1470 huic
978 1403 1153 1472 Alcibiadis
1258 1425 1260 1430 ’

218 1524 349 1590 conatui
379 1519 541 1588 intercell'rt
568 1521 788 1604 Phrynichus,
818 1521 895 1588 Dux
918 1519 1154 1588 Atheniensium

217 1638 393 1720 exercitus,
426 1636 535 1702 callide
555 1636 755 1722 intelligens,
787 1637 945 1706 Alcibiadi
971 1655 1037 1718 non
1055 1635 1153 1720 magis

215 1771 390 1838 paucorum
414 1752 608 1818 dominatum
639 1771 731 1823 curae
749 1751 830 1833 esse,
854 1771 949 1845 quam
965 1751 1076 1818 statum
1095 1771 1154 1836 po·

212 1869 379 1950 pularem,
401 1862 452 1930 sed
468 1865 501 1930 id
516 1880 637 1932 tantum
655 1867 782 1948 quaeri,
808 1867 923 1950 (quod
939 1868 1045 1949 postea
1060 1886 1154 1934 even·

213 1995 271 2046 rus
298 1979 542 2063 comprobavit)
567 1994 603 2044 ut
630 1979 713 2062 ipse,
744 1979 895 2045 discordia
920 1980 999 2044 inter
1015 1978 1152 2045 civitatis

219 2097 354 2164 Ordines
380 2093 500 2179 sparsa,
524 2095 563 2158 ab
609 2109 724 2160 terutra
739 2106 825 2176 parte
841 2093 873 2158 in
889 2074 1039 2160 auxilium
1059 2112 1154 2159 voce·

215 2227 281 2292 tur.
341 2211 489 2294 Longum
524 2095 616 2294 ej&i
628 2228 786 2289 enarrare,
826 2227 905 2291 quae
927 2207 1151 2294 impedimenta

201 2321 412 2410 'Phrynichus
438 2324 611 2393 Alcibiadis
636 2325 765 2396 constlio
787 2323 949 2409 objecerit.
1007 2323 1152 2408 Tandem

216 2440 360 2522 Pisandes
389 2441 504 2522 aliique
533 2439 645 2523 Legati
672 2440 813 2529 Athenas
847 2415 998 2532 uertiutrt,
1027 2443 1151 2526 populo

215 2554 404 2640 persuasuri,
433 2569 472 2620 ut
499 2554 680 2636 Alcibiades
694 2557 725 2622 in
743 2557 871 2638 patriam
889 2571 1075 2639 revocetur,
1098 2571 1152 2644 et,
1215 2587 1217 2594 ·

215 2687 335 2739 mutata
357 2670 484 2752 antiqua
505 2669 629 2754 regendi
652 2670 773 2752 sornra,
807 2671 984 2754 respublica
1002 2670 1152 2754 quadrin-

213 2787 312 2874 gentis
328 2782 560 2853 eommittatura
585 2786 683 2872 Quod
696 2783 722 2868 st
739 2786 899 2868 facerent,
922 2805 979 2852 eos
990 2785 1148 2852 Persarum

212 2904 330 2988 Regem
352 2902 424 2970 belli
439 2900 558 2966 socium
575 2901 759 2980 habituros,
783 2901 828 2966 srn
848 2901 972 2982 minus,
996 2919 1035 2984 ne
1050 2901 1148 2982 ipsam

110 3093 114 3109 1
214 3017 340 3101 quidem
357 3015 482 3082 salutent
499 3033 553 3080 eos
567 3013 767 3082 servaturam.
813 3015 884 3080 Hac
901 2989 1072 3080 neceshtate
1088 3033 1150 3100 po·

212 3137 322 3220 palus·
338 3129 542 3214 compulsus,
568 3130 601 3194 itt
622 3128 758 3199 Pisandri
774 3143 805 3194 et
822 3129 1012 3214 reliquorum
1030 3130 1149 3218 legatos

212 3270 282 3319 rum
295 3229 470 3316 sententiam
488 3243 656 3340 concedit,
679 3259 709 3311 et
727 3241 957 3312 Democratiant
965 3233 1149 3329 'Oligarchia

212 3378 400 3433 commutat.
446 3360 876 3432 ConstituanturDecentviri
890 3361 1149 3446 reipublicae-or·

213 3477 363 3547 ditandae
378 3498 452 3546 cum
468 3478 587 3544 summa
601 3475 771 3560 potestate,
795 3477 849 3560 qui
867 3493 950 3543 certa
970 3475 1019 3542 die
1035 3474 1075 3542 ad
1087 3495 1147 3562 po·

211 3595 323 3677 pulum
346 3593 495 3676 referant,
527 3611 606 3676 quac
634 3592 754 3676 optima
777 3591 815 3658 stt
838 3592 916 3658 ratio
942 3591 1148 3684 Reipublicae

215 3708 503 3785 administrandae-t
538 3709 617 3788 lli„
635 3706 691 3772 nbi
719 3707 784 3771 dies
809 3707 962 3790 advenit,
992 3710 1148 3793 populum

127 3885 129 3890 .
214 3838 326 3910 rogant
331 3871 347 3923 θ
380 3835 415 3890 ut
439 3822 546 3892 cuivis
566 3823 801 3908 Atheniensium
816 3822 1015 3908 sententiam,
1038 3841 1149 3922 quam·

1070 3955 1147 4004 cutt-
