2894 4738
303 419 1079 507 m DISSEkTAT10

305 611 398 692 eoa,
427 609 480 676 sed
500 609 580 674 inter
603 627 686 692 qnos
708 609 795 675 brevi
808 610 982 694 graviffima
995 611 1122 680 discidia
1135 613 1246 681 extite-

303 741 393 792 ntnt.
446 723 674 810 Quadringenti
700 726 733 790 in
756 725 835 790 duas
853 725 1005 792 sactiones
1024 727 1241 812 discesserant,

304 860 438 924 quarum
463 839 579 922 alten,
612 839 695 905 duce
719 839 932 923 Theramene,
959 842 1094 924 impense
1111 845 1239 912 favebat

301 955 486 1037 Alcibiadi,
518 958 630 1036 altera,
658 954 751 1038 cnjus
776 969 875 1038 capnt
890 975 964 1021 cum
978 957 1160 1039 Phrynicho
1174 979 1242 1025 crat

300 1070 490 1154 Antiphon,
512 1071 660 1136 omnibns
679 1068 805 1149 modis,
826 1089 866 1134 ne
881 1071 1062 1136 Alcibiades
1077 1091 1240 1138 revocare·

303 1200 378 1268 tur,
401 1186 610 1269 impediebat,
632 1183 723 1250 facile
739 1184 869 1267 videns,
890 1205 929 1252 eo
945 1205 1091 1270 recepto.
1113 1207 1239 1272 rempu-

299 1302 414 1368 blicam
449 1301 489 1366 ad
506 1301 687 1384 popularem
704 1298 816 1366 Qum
830 1300 1012 1368 redituram.
1056 1303 1165 1388 Quum
1183 1323 1237 1368 ve-

297 1437 336 1484 ro
352 1421 445 1483 altera
464 1416 561 1483 fictio
583 1416 721 1498 superior
738 1414 798 1480 effe
821 1416 987 1499 coepisset,
1009 1435 1066 1481 nec
1082 1435 1131 1482 res
1148 1418 1237 1484 aliter

298 1534 394 1600 teneri
429 1531 552 1616 pollet,
583 1531 776 1613 Antiphon,
804 1530 1021 1614 Phrynichus,
1050 1533 1164 1614 aliique
1183 1533 1238 1597 de·

299 1667 390 1728 cem,
423 1663 571 1728 tanquam
596 1643 740 1710 fasianis
761 1644 832 1710 suae
845 1647 959 1728 legati,
981 1645 1021 1709 ad
1038 1645 1123 1729 ipsos
1136 1625 1238 1713 Athe·

297 1761 448 1828 niensrum
472 1757 677 1840 acerbissimos
694 1759 823 1856 hostes,
845 1760 1113 1828 Lacedaemonios
1128 1761 1235 1844 prosc·

298 1876 340 1946 eti
366 1857 458 1959 sunt,
490 1891 526 1942 ut
543 1895 652 1960 pacem
670 1876 915 1960 qussauscunque
932 1873 1168 1944 conditionibus
1186 1877 1236 1944 sa-

296 2008 411 2059 terent.
467 1991 569 2058 Simul
593 2009 700 2058 eorum
718 1986 847 2058 consilio
862 1985 1014 2060 Eetionea
1030 1995 1150 2060 munita
1167 1983 1234 2076 est,

291 2083 359 2193 qua
375 2108 510 2174 hostium
529 2106 650 2172 classen
669 2106 903 2192 pedestremque
917 2111 1110 2190 exercitum,
1134 2129 1234 2192 quau-

295 2224 338 2290 do
366 2239 397 2288 et
423 2223 547 2304 quoties
574 2223 709 2303 vellent,
730 2222 865 2303 recipere
880 2221 1014 2303 possent.
1061 2225 1124 2289 Sed
1140 2225 1234 2307 legati

294 2357 329 2406 re
344 2336 459 2405 intesta
474 2337 615 2404 Athenas
631 2336 740 2402 revetfi
756 2335 848 2418 sunt,
870 2351 901 2402 et
915 2337 993 2402 nihil
1008 2336 1094 2402 aliud
1109 2339 1175 2403 hac·
1188 2340 1234 2404 le-

290 2452 442 2538 gatione,
465 2471 559 2533 quam
576 2451 634 2520 libi
649 2442 779 2520 exitium
796 2465 1003 2519 maturarunt.
1048 2453 1113 2520 Vix
1129 2473 1232 2521 revet-

289 2568 345 2636 sus
365 2567 564 2650 Phrynichus
586 2585 624 2632 ex
649 2566 767 2632 insidiis
791 2569 884 2651 periit
908 2569 940 2633 in
963 2567 1119 2651 frequenti
1134 2569 1229 2649 forn,

294 2683 471 2768 percussore
492 2683 560 2768 ejus
589 2683 718 2766 impune
739 2681 899 2749 evadente.
952 2684 1026 2768 Qua
1049 2703 1080 2748 re
1102 2684 1227 2751 animus

286 2798 392 2866 'murt
412 2797 553 2864 adversae
569 2795 720 2878 saffioni‚
741 2798 873 2882 ejusque
888 2797 1043 2882 principi,
1060 2797 1231 2864 Therapne*

293 2917 340 2984 ni.
393 2915 444 2982 Fit
463 2911 573 2996 deinde
588 2913 721 2980 maxima
734 2923 836 2979 rerum
855 2913 1072 2981 commutatio.
1117 2913 1228 2998 Nam,

291 3023 754 3118 diss‘olutoQuadringetttorum
772 3023 918 3114 imperio,
935 3031 1116 3116 respublica
1132 3032 1226 3114 quin·

292 3167 356 3232 que
379 3147 517 3212 millibus
543 3144 779 3214 administranda
794 3145 939 3214 traditur.
981 3146 1160 3212 Alcibiades
1174 3145 1230 3212 de·

289 3237 385 3347 hique
413 3263 446 3329 itt
469 3261 600 3346 patriam
626 3276 804 3329 revocatur.
856 3260 934 3328 Vid.
960 3260 1110 3345 Thucyd.
1135 3261 1226 3331 vill.

287 3353 347 3466 po.
370 3378 458 3462 seqq.
500 3375 588 3442 Haec
607 3375 690 3460 gesta
706 3376 777 3442 sunt
794 3375 925 3459 Olymp.
945 3375 1048 3442 xctt.
1074 3398 1107 3444 a.
1131 3375 1227 3442 Prae·

287 3508 358 3564 tore
384 3492 609 3576 Theopompo.
660 3490 783 3558 Eodem
804 3509 885 3556 anno
909 3489 1029 3554 inimici
1044 3490 1227 3575 Antiphon·

287 3623 352 3676 tem
368 3609 465 3692 injus
481 3621 655 3689 vocarunt,
678 3607 734 3674 ubi
749 3627 814 3672 non
829 3605 944 3672 indisia
959 3603 1063 3670 caussa
1077 3606 1227 3674 condem·

289 3721 473 3804 natusest,
506 3737 542 3788 ut
565 3721 739 3806 gravissimo
763 3741 863 3799 errore
881 3719 986 3786 scribit
999 3720 1228 3791 Pseudo-Plu·

288 3835 441 3924 tarchus,
471 3833 523 3904 sed
536 3837 682 3906 caussam
709 3837 810 3905 dicere
825 3837 979 3932 coadius,
1001 3851 1069 3906 tum
1085 3837 1225 3924 primunr
1270 3879 1291 3912 χ

1160 3963 1226 4038 Pu*
