2922 4734
304 367 363 468 eos
489 345 508 458 ,’
582 355 1090 447 oa‘nrro'

302 570 373 642 tra,
413 553 515 644 cuiue.
537 561 793 645 contemplandae
816 563 848 630 dr
875 561 1106 650 cognoscendae
1132 555 1240 660 ‚studia

303 675 384 758 qui,
415 677 523 742 ceteris
547 677 756 761 posthabitie,
786 678 816 745 se
834 694 936 746 totum
955 680 1071 764 tradit,
1093 684 1120 748 is
1135 685 1173 750 ad
1190 686 1238 770 ip
1298 766 1301 774 ,

296 787 362 868 sam
389 770 607 874 diuinitatem,
635 812 673 858 ert
697 813 761 876 qua
781 789 910 860 haustus
929 795 1051 878 animus
1067 795 1099 860 dr
1118 797 1235 866 libatus

294 903 365 988 est,
399 907 485 988 quast
511 906 698 989 quibusdam
716 907 853 991 passibus
870 909 1005 992 propina·
1018 892 1163 978 accedere
1187 913 1234 980 ri-

297 1019 401 1103 detur.
453 1023 555 1104 Atqui
580 1023 661 1090 hanc
674 1021 894 1104 ‚doctrinarum
911 1023 1051 1089 omnium
1071 1026 1231 1096 dominam

294 1152 332 1204 ac
357 1135 490 1220 reginam
516 1138 571 1204 uni
587 1137 700 1204 Graeci
711 1135 910 1216 admirabili,
934 1157 997 1220 qua
1012 1140 1142 1222 praediri
1158 1139 1243 1229 sues

177 1343 180 1347 ⁴
292 1253 390 1335 runt,
419 1251 530 1316 mentis
551 1250 713 1336 sagacitate
739 1267 778 1316 ex
791 1251 931 1316 obscuris
950 1239 1232 1350 abditisquenatua

292 1385 345 1434 rae
367 1365 542 1446 recessibus·
559 1365 757 1452 elicuerunt„
789 1365 858 1431 Nec
876 1367 1032 1450 contenti,
1059 1369 1142 1436 illam
1157 1371 1229 1454 phi*

292 1481 492 1568 losephiam,
521 1500 600 1564 quae
624 1499 725 1547 rerum
749 1482 1008 1563 contemplatione
1024 1485 1226 1570 continetur,

291 1597 377 1668 selici
403 1613 495 1680 partu
515 1593 663 1678 edidille,
694 1595 817 1674 alteram
840 1595 955 1678 etiam,
978 1615 1057 1682 quae
1074 1598 1107 1664 in
1130 1599 1227 1667 astio-
1319 1651 1325 1664 .

229 1693 233 1704 ’
291 1731 331 1780 ne
362 1687 519 1794 uersatur,
558 1711 727 1794 aliquanto
749 1707 820 1794 poli
841 1709 1005 1780 liberaliter
1029 1711 1223 1800 adjecerunt.
1294 1738 1295 1742 ¹

241 1823 258 1919 J
291 1829 397 1918 Quam
425 1824 600 1894 inveniendi
633 1823 764 1910 gloriam
786 1837 859 1914 tum
892 1827 1016 1893 annales
1048 1826 1248 1896 vetustatias

288 1963 353 2029 que
376 1956 578 2010 monumenta
601 1939 673 2006 satis
695 1939 846 2025 superque
861 1944 1055 2026 loquuntur,
1078 1956 1147 2010 tum
1159 1927 1226 2028 ipsa

287 2079 390 2130 rerum
418 2057 495 2126 lidee
520 2056 564 2126 stc
587 2055 715 2124 testatur
743 2054 986 2138 &confirmat,
1016 2071 1052 2124 ut
1077 2076 1135 2124 nec
1159 2054 1240 2148 Tae

287 2175 385 2256 nani,
416 2194 475 2238 nec
501 2170 671 2237 Clementis
694 2170 895 2236 Alexandrini
921 2153 1224 2256 declamationibus,

288 2287 360 2358 ulus
379 2287 411 2355 &
428 2285 562 2353 invidiae
577 2283 698 2367 plenis,
721 2301 860 2363 unquam
876 2283 1010 2350 convelli
1029 2299 1141 2368 queat,
1165 2285 1223 2352 esto

288 2423 352 2490 que
368 2403 445 2468 haec
463 2399 742 2484 laus-Graecorum
758 2393 835 2466 adeo
849 2398 975 2482 propria
985 2441 1008 2480 ,
1022 2412 1059 2464 ut
1074 2419 1113 2464 ne
1129 2399 1221 2470 aliam

286 2518 414 2604 quidem
430 2530 551 2602 gentem
570 2516 602 2598 in
617 2513 702 2578 illius
721 2509 897 2577 societatem
913 2526 1025 2578 temere
1039 2512 1220 2585 admittant.
1246 2577 1270 2616 Ὗ

283 2633 368 2704 Nam
382 2629 436 2698 etsr
450 2629 567 2698 Graeci
583 2626 662 2714 ipsr,
685 2645 743 2712 pru
757 2626 911 2712 aequitate
925 2627 997 2710 sua,
1007 2648 1071 2696 non
1081 2629 1220 2698 dissimu·
1294 2645 1296 2650 '

284 2726 568 2833 lant‚‘nonnulla,
591 2743 622 2810 in
640 2742 873 2810 Mathematicis
889 2744 1062 2828 praesertim
1083 2745 1220 2831 discipli*
1327 2777 1331 2790 ,

284 2869 355 2946 nia,
385 2860 614 2932 Chaldaeorum
638 2857 932 2944 Aegyptiorumque
946 2859 1077 2946 ingeniis
1092 2861 1215 2960 deuito,

283 2985 334 3053 vel
363 2999 418 3065 per
441 2989 552 3044 mutua
575 2975 767 3060 populorum
791 2976 977 3042 commercia
998 2973 1031 3041 ln
1053 2975 1218 3044 Graeciam

282 3095 430 3177 fluxisse,
454 3094 504 3186 uei
526 3110 544 3156 a
563 3089 764 3174 Pythagora,
787 3089 991 3172 Democrito,
1013 3089 1162 3174 Platone,
1185 3110 1218 3158 a·
1285 3079 1286 3084 ἵ

280 3213 418 3296 liiaque,
448 3206 504 3290 qui
527 3204 664 3274 discendi
689 3201 791 3270 caussa
812 3202 851 3268 ad
875 3220 980 3288 gentes
994 3181 1086 3290 longe
1101 3203 1215 3274 diffitae

157 3318 172 3334 ’
283 3323 521 3412 commeassent,
550 3319 710 3404 paullatim
738 3317 797 3384 esse
818 3299 957 3386 invasio:
981 3317 1122 3386 tamensi
1141 3320 1214 3405 quia

280 3445 334 3514 illa
363 3459 437 3509 cum
468 3437 663 3504 Graecorum
690 3433 824 3500 inventis
846 3433 1032 3516 contulerit,
1062 3413 1213 3504 uerbum
1284 3415 1290 3419 ⁸

279 3575 437 3646 perpauca
458 3549 696 3638 repetundarum
710 3551 779 3634 'jure
793 3547 946 3632 postulare
960 3546 1045 3632 posse
1060 3551 1212 3636 reperiet,
1278 3537 1280 3542 ¹
1343 3618 1346 3628 ,

280 3691 377 3756 eaque
402 3670 466 3755 ipsa
493 3668 535 3734 sc
559 3665 597 3731 ab
620 3661 861 3748 ingeniosissimis
882 3661 1065 3750 hominibus
1088 3669 1211 3735 exculta

279 3790 312 3860 dr
339 3786 466 3856 meliora
501 3779 618 3868 reddita
647 3777 891 3861 animadvertet,
911 3792 965 3858 ¹ut
997 3798 1063 3850 non
1088 3781 1212 3850 aliunde
