2874 4738
345 435 401 526 ‚²
447 441 530 522 ore
596 424 945 520 honoraret
1096 401 1191 542 ,Μ’

223 637 253 706 δ’
276 637 374 722 lehre
398 637 511 712 πάντες
531 636 680 705 καλέουσι.
732 635 836 722 Quam
854 635 942 700 vocis
960 639 1150 712 notationem

224 750 345 835 srqois
370 754 401 817 in
418 752 540 817 homine
558 751 680 816 Graeco
696 749 812 829 rideat,
835 750 861 814 is
879 751 999 832 potiore
1012 751 1082 835 J'ure
1098 755 1156 820 Ci·
1277 825 1280 830 ,
1327 761 1329 765 ’
1374 783 1378 788 ·
1429 756 1431 762 ’

221 883 364 934 teronem
384 866 421 931 de
437 867 482 933 Ν.
499 867 546 938 D.
567 867 592 932 1.
615 888 669 948 ay.
714 863 867 948 Jannm,
891 866 1152 951 mosellanum,

223 982 264 1046 ab
292 980 395 1047 eundo
422 981 609 1048 derivantem
629 979 739 1054 rideat.
782 979 851 1046 Nec
866 995 967 1046 tamen
986 981 1166 1067 Longinus·

86 1093 89 1100 '
133 1078 146 1184 J
222 1097 297 1189 mihi
315 1099 485 1179 quicquam
504 1115 522 1160 a
541 1095 742 1177 scriptoribus
759 1094 902 1176 Latinis,
925 1095 1109 1162 nominatim
1130 1117 1150 1164 a

217 1211 452 1296 Quinetiam,
475 1189 605 1277 suham
621 1210 760 1289 vneror,
784 1209 953 1276 meothis
968 1210 1153 1286 errearcrus

222 1323 263 1388 ad
286 1323 398 1390 librum
417 1336 461 1392 ll·
481 1337 520 1394 τ.
543 1325 614 1390 leel.
634 1346 666 1390 2.
689 1337 718 1386 et
733 1327 787 1406 ¹33.
812 1324 1018 1391 crediderunt.
1064 1323 1157 1394 Nam

218 1447 301 1522 'quae
321 1438 381 1505 illis
396 1441 476 1506 loeis
486 1437 633 1506 ¹eLarino
645 1437 780 1502 Rhetore
795 1438 889 1514 duda
903 1456 1071 1523 putantur,
1084 1435 1151 1510 tam
1202 1439 1205 1446 ⁴

220 1555 290 1621 sunt
315 1555 473 1639 vulgaria,
505 1569 563 1636 ut,
587 1551 609 1617 sr
627 1553 789 1637 Longinus
805 1553 856 1619 illa
871 1555 1006 1620 mutuari
1022 1557 1061 1621 ab
1080 1559 1156 1624 aliie*-
1207 1587 1209 1596 r

215 1669 382 1752 voluisset,
405 1671 512 1753 potius
530 1689 547 1734 a
563 1667 714 1764 Graecis,
739 1685 833 1749 qoam
854 1667 1007 1736 aLatinis
1023 1671 1148 1737 lumfis·
1259 1660 1263 1672 ’

216 1783 271 1852 fet.
316 1785 387 1850 Nec
404 1785 496 1850 facile
512 1782 673 1862 adducor,
696 1796 731 1846 ut
747 1802 818 1848 eum
838 1783 1006 1866 quicquam
1027 1787 1150 1870 Diony·

218 1897 262 1964 lio
279 1895 530 1964 Halieamallensr
549 1896 657 1962 debere
677 1895 811 1962 credam.
858 1899 934 1973 Non
952 1901 1008 1964 tali
1025 1899 1147 1966 siccita-

217 2029 249 2082 te
270 2011 443 2102 arescebat,
466 2025 503 2078 ut
523 2009 677 2097 ingenium
695 2009 801 2082 alienis
821 2007 962 2077 fontibus
977 2011 1106 2098 rigante

576 2239 754 2310 .xl11.

254 2468 504 2554 Philosophiam,
527 2485 620 2551 quam
636 2465 787 2550 profellus
803 2455 865 2550 est,
888 2469 1035 2560 inmores
1052 2473 1146 2540 abiit·
1178 2525 1180 2528 -
1262 2549 1266 2566 .

213 2587 264 2666 se,
286 2584 402 2650 tametsi
419 2601 501 2648 mors
518 2583 584 2665 ejus
602 2582 674 2646 satis
693 2581 843 2666 superque
852 2583 1016 2667 declarat,
1039 2602 1142 2656 tamen

120 2673 124 2679 ”
212 2701 275 2765 hoc
297 2717 425 2781 quoque
450 2695 487 2762 iit
510 2695 695 2765 testimonio.
740 2697 932 2779 Porphyrius
951 2698 1142 2781 disciplinam

212 2815 281 2900 eius
308 2815 406 2878 valere
432 2811 578 2896 jullerat,
602 2827 636 2876 ut
653 2809 734 2875 lead
749 2813 926 2894 meliorem,
949 2811 972 2878 sr
989 2814 1059 2881 Diis
1075 2819 1142 2900 pla.

212 2946 284 3008 cet,
305 2922 421 2992 Plotini
437 2925 601 2990 conferret.
638 2923 742 3009 Quam
757 2925 932 3009 levitatem,
948 2941 1069 2995 tantum
1085 2932 1142 2998 ab·

208 3043 271 3111 fuit
295 3039 481 3123 Longinus,
510 3055 545 3104 ut
562 3037 600 3104 ad
617 3051 808 3104 contemtum
823 3040 869 3106 soi
886 3043 1034 3120 traheret,
1056 3044 1141 3130 inju·
1226 3097 1229 3111 s

207 3161 347 3240 riamque
372 3154 500 3238 iniuriae
523 3145 665 3232 referret,
697 3168 732 3218 ut
747 3155 852 3235 potius
869 3155 953 3222 hunc
969 3157 1067 3240 ipsum
1084 3159 1138 3225 de·
1232 3185 1237 3190 ·
1354 3165 1379 3184 ··

204 3269 404 3340 sertorem.in
425 3265 488 3332 suls
511 3265 657 3347 haberet,
679 3265 852 3350 Palmyram
870 3270 908 3335 ad
924 3271 952 3336 se
966 3273 1136 3364 invitaret,

208 3401 261 3468 et,
292 3376 400 3468 quanti
423 3399 495 3447 eum
517 3379 650 3460 faceret,
674 3379 742 3446 libri
756 3385 820 3466 περὶ
835 3387 926 3469 lania
940 3371 1135 3454 dedicatione

207 3497 333 3582 publice
354 3485 529 3563 declararet.
582 3496 672 3581 Quae
698 3499 803 3563 omnia
824 3501 917 3566 nobis
942 3517 1043 3568 narrat
1069 3501 1133 3586 ipse

172 3651 174 3658 ·
205 3609 397 3694 Porphyrius
409 3610 441 3676 in
452 3609 526 3677 Vita
540 3609 651 3676 Plotini
673 3628 746 3694 pag.
763 3632 837 3680 rao.
859 3635 931 3698 124.
944 3637 1017 3700 131.
1061 3618 1133 3684 Erit

204 3722 349 3803 fortalle,
380 3723 433 3804 qui
454 3725 625 3791 doilrinam
649 3725 851 3794 Christianam
868 3730 1016 3814 Longino
1031 3731 1070 3796 ad
1086 3749 1132 3798 ta·

186 3842 264 3909 lem
281 3834 375 3904 ammi
389 3835 624 3908 moderationem
641 3839 788 3936 proiuille
800 3843 896 3911 dicat.
942 3846 1130 3916 Certesemi·

544 4009 551 4020 .
674 3953 744 4024 Ya
820 3955 823 3959 ’
942 4014 951 4030 ,
997 3960 1133 4028 christia·
