2922 4734
960 135 970 168 χ
1071 133 1076 143 ,

249 303 353 416 ‘⁹⁶
469 371 488 412 ,-
582 281 996 407 oar-afro

310 515 458 604 Singulos
481 535 578 598 uero,
611 531 747 598 quorum
767 533 862 600 opera
877 515 909 584 dr
925 515 1030 614 labore
1045 512 1244 616 hlitonomia

306 633 459 719 ¹creuerit,
491 631 515 698 fi
531 651 759 712 enumerarem,
778 649 878 714 ‚quem
896 615 1019 697 tandem
1036 632 1154 712 ercitum
1172 653 1244 711 orm

215 793 220 802 .
305 746 353 824 tio
374 745 478 813 nostra
503 747 678 826 inveniret?
708 747 806 814 Mitto
831 743 925 830 igitur
941 745 1115 824 Eudoxum
1131 725 1243 816 enidi-

304 875 391 940 um,
421 862 511 930 mitto
535 863 697 929 Matonem
725 861 964 944 Atheniensem,
994 861 1085 928 riritto
1111 862 1243 930 Aristar·
1355 879 1357 890 '

305 975 402 1040 chum
428 977 591 1061 Samium,
622 977 713 1043 mitto
732 975 872 1060 ¹denique
895 991 945 1044 tot
969 974 1046 1043 alios
1070 976 1102 1044 dr
1125 977 1241 1044 meritis

276 1158 278 1164 ,
306 1090 369 1156 suis
396 1090 427 1156 δι
450 1093 581 1168 aliorum
606 1092 775 1176 praeconio
801 1091 996 1159 nobilitatos.
1046 1091 1118 1158 Nee
1135 1107 1241 1160 tamen

304 1205 507 1294 Archimedes
533 1208 588 1273 ⁴hic
616 1205 856 1291 praetereundus
882 1205 925 1272 est
951 1209 1002 1281 vol
1023 1207 1067 1274 ob
1093 1207 1238 1274 eximiam

301 1321 460 1404 sphaeram
487 1323 527 1420 ab
551 1322 618 1406 ipso
643 1323 823 1404 inventam,
845 1321 878 1388 in
895 1340 989 1405 quam
1007 1321 1103 1405 solis,
1125 1310 1238 1406 lunae,

249 1442 252 1445 ’
300 1436 489 1521 &quinque
502 1437 667 1506 errantium
685 1452 790 1522 motus
808 1437 850 1504 fic
867 1437 1059 1521 illigaverat,
1082 1452 1118 1503 ut
1131 1439 1238 1521 celeri·

297 1551 370 1644 tatis
403 1551 435 1620 dc
462 1552 614 1618 tarditatis
636 1554 823 1642 rationem,
863 1569 957 1634 quam
980 1537 1235 1622 convosronibus

298 1667 362 1759 [uis
390 1682 546 1750 tenerent,
575 1667 744 1734 felicissime
766 1661 947 1748 imitaretur.
1009 1667 1054 1736 At
1077 1667 1235 1734 enimvero

110 1793 112 1800 ’
184 1859 187 1867 ,
297 1780 490 1866 superiorum
513 1765 777 1850 Astronommum'
797 1781 937 1848 omnium
964 1781 1135 1848 luminibus
1154 1783 1236 1848 mul·

297 1909 367 1962 tum
380 1897 511 1964 offecere
528 1900 593 1966 duo
608 1901 790 1966 excellentes
810 1899 869 1966 viri
881 1943 893 1978 ‚
907 1897 986 1962 &ad
994 1895 1127 1966 siderum
1137 1897 1233 1964 scien-

296 2011 372 2104 tiam
394 2012 665 2096 amplificandam,
696 2031 792 2098 atque
819 2013 851 2079 in
862 2011 979 2098 justum
998 2013 1070 2080 artis
1087 2011 1232 2080 habitunt

296 2127 491 2216 cogendam,
507 2129 572 2194 nati
588 2127 750 2210 fallique,
768 2126 912 2210 quumvis
930 2124 1064 2194 aetatum
1081 2127 1233 2212 disjundli

298 2241 496 2322 intervallis,
535 2241 738 2324 Hipparchus
775 2241 806 2305 dc
834 2239 989 2306 Claudius
1015 2239 1230 2308 Ptolemaeusr

298 2375 433 2442 quorum
465 2375 563 2440 prope
586 2354 861 2423 innumerabilibus
887 2351 1155 2420 observationibus
1183 2355 1233 2420 in·

296 2447 463 2562 penusque
486 2471 686 2538 Astronomia
712 2469 990 2555 plusincrementi
1006 2470 1111 2553 cepit,
1134 2485 1230 2552 quam

217 2655 219 2660 ,
295 2564 346 2680 pel
370 2585 579 2669 superioribus
605 2586 715 2653 seculis
740 2586 887 2668 curtilis,
917 2587 967 2653 vel
983 2565 1126 2668 pluribus
1143 2581 1230 2648 dein·

294 2722 370 2788 ceps
392 2681 516 2769 securis.
572 2702 681 2768 Nolite
698 2717 799 2768 tamen
814 2717 944 2787 putare,
965 2699 1156 2787 Aedituus,
1179 2717 1231 2782 me
1320 2739 1323 2746 ‚

221 2833 226 2860 ⁸
292 2821 343 2890 vel
365 2833 430 2884 tam
456 2819 604 2902 ineptum
621 2818 816 2902 antiquitatis
833 2817 1047 2884 admiratorem
1072 2813 1153 2897 else,
1176 2814 1227 2882 vel

291 2949 355 3014 tam
395 2934 541 3019 iniquum
570 2935 747 3002 recentioris
774 2933 938 3000 industriae
969 2929 1223 3005 existimatorem,

290 3065 327 3126 ut
352 3050 484 3118 veterem
513 3048 742 3118 Astronomiam
767 3069 840 3116 cunr
856 3067 956 3117 novae
971 3047 1065 3132 huius
1081 3043 1225 3128 splendo-

289 3186 322 3240 re
355 3167 420 3231 ullo
444 3165 539 3230 modo
563 3165 805 3253 comparandam
827 3165 953 3230 ducam.
1013 3159 1150 3226 Erudita
1170 3158 1223 3224 illa

289 3282 484 3367 Graecorum
497 3299 584 3365 'gens
609 3285 712 3363 ultra,
744 3299 808 3364 quo
824 3277 1075 3364 progrederetur,
1098 3275 1151 3340 vix
1166 3274 1223 3340 ha·

288 3399 378 3480 buit,
410 3413 478 3464 tum
504 3395 709 3488 aliiseauffis
737 3395 909 3482 impedita,
943 3383 1021 3474 quas
1033 3390 1091 3464 ,bie
1110 3389 1222 3476 referre

287 3513 365 3582 nihil
390 3512 515 3588 attinet,
548 3526 615 3578 tum
636 3511 722 3578 omni
739 3508 802 3576 sere
818 3509 1024 3592 supellectile,
1048 3521 1127 3590 quae
1142 3503 1230 3572 fidem

285 3629 372 3696 ribus
396 3625 593 3704 observandis
618 3627 783 3708 inserviat,
817 3624 972 3717 destituta,
1021 3622 1065 3689 At
1085 3637 1165 3726 quot
1186 3619 1225 3706 ur

285 3744 393 3836 quales
433 3741 528 3824 bodie
571 3743 819 3848 opportunitates
858 3736 1029 3808 habemus!
1067 3749 1215 3822 quantam

1063 3911 1067 3919 ,
1112 3865 1214 3916 omnus
1250 3895 1252 3901 .
