2910 4728
215 477 217 484 a
306 432 1012 512 TIBERIIHEMSTERHUSII.
1086 456 1151 526 21,

192 643 296 709 panem
312 626 478 694 neminem.
522 626 567 692 At
580 624 765 692 Latinarum
781 609 863 690 certe
881 621 1009 706 regnum
1029 636 1122 703 penes

191 742 271 808 alios
297 741 353 810 est.
404 742 475 824 Ego
497 759 571 806 vero
585 759 649 805 non
668 738 807 816 dubitem
824 737 1027 811 contendere,
1051 753 1123 800 eum

192 853 305 922 Latine
328 854 516 923 dosiiffimos
540 875 604 920 non
628 853 727 920 solum
753 851 917 936 aequasse,
939 853 1012 932 sed,
1036 846 1125 932 quod

135 993 140 1000 ·
194 957 374 1054 adjumenta
398 970 549 1054 quaedam
573 969 719 1051 haberet,
749 988 807 1034 nec
820 967 946 1052 cognita
961 966 1043 1046 illis,
1065 983 1124 1038 nee

195 1084 363 1168 usurpata,
395 1083 557 1169 superasse.
608 1085 705 1168 Reme
730 1083 779 1148 vir
803 1101 936 1168 magnus
952 1080 1124 1161 statuebat,

192 1195 337 1270 Latinam
362 1200 499 1284 linguam
514 1192 658 1266 Graecae
684 1196 726 1263 fic
752 1213 854 1282 aptam
870 1198 1024 1264 &nexam
1043 1191 1130 1273 elie,

194 1326 252 1394 ut,
284 1315 340 1396 qui
366 1317 490 1382 alteram
509 1299 660 1380 ab'altera
676 1309 821 1377 distrahat
837 1331 874 1376 ac
888 1311 1037 1392 divellat,
1061 1308 1126 1374 ani-
1177 1285 1182 1301 ⁴

193 1427 238 1493 mi
263 1425 458 1512 &corporis
485 1429 648 1496 discidium
666 1427 811 1514 inducere
827 1425 980 1494 videatur.
1027 1421 1129 1509 Quod

195 1559 269 1606 eum
291 1540 349 1610 srbi
372 1543 492 1610 idoneis
507 1543 679 1610 rationibus
694 1541 903 1626 persuasisset,
926 1537 1053 1612 eandem
1064 1537 1128 1604 La·
1209 1614 1212 1619 ¹

194 1655 300 1738 tinae,
333 1677 427 1740 quam
455 1657 615 1741 Graecae,
649 1677 773 1743 operam
787 1657 895 1740 dedit,
919 1673 1014 1739 atque
1028 1654 1128 1735 adeo,

196 1770 344 1852 quoniam
360 1773 428 1856 ejus
447 1774 607 1857 proprium
622 1788 708 1854 erat,
731 1772 808 1838 nihil
825 1771 1019 1848 mediocriter
1039 1770 1128 1854 scire,

194 1885 287 1950 talem
311 1885 461 1964 Latinae,
496 1888 617 1967 qualem
642 1885 804 1965 Graecae,
827 1885 1005 1950 facultatem
1022 1887 1132 1952 conle-

196 2011 291 2062 cutus
313 1995 370 2064 est.
422 1997 556 2077 Dicam,
589 1996 676 2078 quod
696 1997 813 2078 sentio,
844 1997 897 2077 δι,
919 2011 956 2060 ut
975 1989 1131 2080 arbitror,
1165 2073 1170 2084 .
1227 2017 1231 2022 ·

198 2108 301 2176 dicam
325 2129 408 2183 vere,
459 2110 590 2176 Latinae
612 2110 734 2194 linguae
753 2111 886 2194 origines
904 2129 996 2186 nemo
1016 2106 1131 2178 morta·
1215 2111 1217 2117 ’
1263 2151 1266 2160 =
1347 2083 1353 2092 ι

196 2225 275 2292 lium
304 2238 373 2290 ante
398 2223 662 2293 Hemsterhusrum
676 2209 934 2308 reetecognovit,
979 2207 1131 2299 Videtant
1202 2299 1204 2304 ,

133 2421 136 2426 ,
197 2339 299 2406 Varro
325 2337 358 2412 ,ἃ
380 2338 431 2404 alii
454 2339 613 2421 Romani,
635 2321 742 2417 [multa
765 2357 805 2416 ex
828 2339 934 2424 lingua
961 2339 1083 2416 Graeca
1097 2345 1131 2412 iu
1233 2333 1237 2338 ’

195 2453 282 2522 suam
306 2453 431 2522 venisse.
484 2453 658 2538 Aliquanto
685 2456 796 2538 plura,
823 2475 957 2538 quorum
973 2459 1061 2544 origo
1078 2479 1135 2528 ue..

197 2587 277 2638 teres
301 2567 487 2652 fefellisset,
505 2587 544 2636 ex
568 2569 673 2644 eadem
700 2569 807 2653 lingua
828 2573 1015 2656 repetierunt
1032 2545 1134 2642 Scali}

198 2704 251 2771 ger
269 2684 301 2750 dc
319 2682 499 2753 salmasius.
534 2683 595 2754 Sed
613 2669 715 2762 adhuc
731 2685 826 2752 dubia
844 2688 987 2754 luxerat.
1018 2689 1131 2764 Enim.

197 2819 296 2883 vero,
325 2799 451 2868 inventa
477 2797 697 2868 Hemstethusri
714 2799 837 2884 ingenio
852 2801 991 2868 Graecae
1006 2803 1130 2888 linguae

199 2913 360 3000 analogia,
393 2911 480 2980 simul
507 2912 599 2978 ctiam
616 2913 748 2978 Latinae
763 2915 842 2978 ratio
857 2916 991 2996 diluxit,
1014 2918 1133 2999 patuite

200 3049 260 3114 que
289 3025 469 3108 clarissime,
500 3025 589 3110 quod·
610 3026 704 3108 pauci
729 3028 828 3111 magis
854 3026 997 3110 suspicati
1021 3047 1129 3118 erant,
1172 3093 1175 3100 ,

202 3164 296 3229 quam
323 3145 556 3224 intellexerant,
584 3155 682 3208 totam
698 3139 760 3208 fere
775 3141 921 3230 Latinam
934 3145 1071 3231 linguam
1090 3152 1129 3215 ab

198 3259 327 3332 Aeolica
359 3256 491 3327 fluxisse.
556 3256 682 3339 Restat,
711 3256 832 3340 fateor,
861 3278 932 3341 pata
957 3263 1130 3346 quaedam,

201 3395 280 3459 quae
311 3374 431 3444 inverte
469 3371 592 3440 aliunde
623 3371 778 3442 videatur.
823 3372 956 3442 ‘Verum
988 3393 1043 3454 aut
1072 3377 1131 3444 fala

199 3492 270 3572 lor,
309 3504 364 3556 aut
398 3464 551 3556 exorietur
581 3488 749 3570 aliquando
765 3489 821 3566 ¹vir
850 3488 963 3564 dedus
987 3491 1019 3562 de
1046 3495 1132 3580 inge.

200 3605 337 3684 niosus,
375 3603 462 3688 qui,
502 3602 771 3672 Hemsierhusrana
807 3604 947 3688 analogia
980 3607 1129 3697 adjutus,

108 3789 113 3796 ,
201 3739 269 3786 eant
292 3735 420 3802 quoque
448 3707 566 3804 partem
593 3717 632 3784 ad
647 3717 798 3792 Graecam
816 3719 966 3810 originem
985 3742 1132 3810 revocet,
1213 3737 1216 3742 '

202 3832 433 3932 plauiliimeque
468 3815 683 3918 demonstret,
728 3851 853 3902 omnem
890 3835 1035 3906 Latinam
1072 3843 1132 3905 lin·

604 3981 609 3990 ·
715 3946 741 4023 Β
765 3964 784 4041 3
1038 3971 1132 4048 guam
